5409 7267
2034 931 2080 1000 25

339 1125 502 1190 Gerendus
523 1122 553 1187 ll
571 1119 715 1188 ianuarii
735 1123 826 1202 peste
846 1123 1008 1198 correptus
1029 1133 1068 1182 ao
1093 1116 1125 1181 iu
1149 1134 1271 1185 summo
1293 1118 1410 1201 templo
1437 1116 1499 1183 init
1520 1118 1693 1185 tumulatus
1714 1126 1880 1201 perorante
1903 1119 2081 1187 Draconite.

339 1222 484 1304 Nigidius
505 1236 630 1303 quoque
649 1220 681 1285 ei
695 1219 722 1300 ¹)
742 1219 801 1284 hoc
820 1216 979 1298 inscripsit
999 1234 1124 1282 carmen

825 1315 929 1371 collar
947 1316 1081 1373 historia
1097 1322 1190 1373 morter
1207 1316 1367 1386 Naomopaa
1385 1321 1413 1371 et
1428 1313 1500 1370 idem

738 1435 740 1438 -
857 1402 953 1457 leram
977 1402 1112 1457 Varronis
1129 1404 1174 1457 oir
1187 1404 1347 1474 polyhistor
1363 1407 1429 1457 orat

824 1486 942 1543 &dulus
958 1489 1011 1543 boo
1026 1486 1121 1544 docuit
1134 1488 1261 1559 seeundo
1276 1487 1425 1559 praediea
1443 1502 1490 1542 ore

857 1569 966 1628 Pieberh
982 1579 1080 1644 gratia
1095 1574 1323 1645 principibusque
1340 1573 1417 1629 oirie.

824 1657 895 1714 Post
911 1674 975 1715 ooro
991 1676 1053 1715 aero
1063 1659 1126 1728 jam
1143 1660 1299 1716 aereaere
1317 1664 1424 1716 senocto

857 1744 1007 1814 Explicuit
1023 1760 1119 1801 sacros
1136 1762 1202 1801 ooce
1217 1748 1325 1801 volente
1341 1744 1432 1800 libros

823 1830 963 1900 Ampelio
974 1833 1048 1886 vitoe
1060 1831 1122 1901 fait
1139 1834 1185 1888 bio
1201 1833 1330 1901 ratioque
1345 1830 1487 1896 verendas,

858 1916 955 1972 Galata
974 1932 1054 1985 quaa
1068 1919 1148 1973 nobie
1165 1918 1277 1973 Martio
1294 1924 1370 1973 arro
1388 1914 1471 1972 dedit.

824 2001 933 2070 How)
954 2002 1105 2072 Troa'octiai
1123 2003 1233 2059 caereo
1251 2003 1397 2060 Promalia
1413 2004 1490 2069 outo,

859 2086 928 2144 Ooio
945 2089 1092 2145 histrorum
1108 2090 1208 2145 meluit
1221 2090 1297 2146 olma
1315 2091 1402 2160 aequi.

826 2172 946 2228 Tandem
959 2182 1105 2244 pertaesus
1123 2176 1271 2247 longaevae
1287 2182 1412 2245 temporo
1430 2175 1503 2228 sitae

859 2258 980 2329 Optatos
996 2261 1088 2332 eoepit
1103 2262 1201 2319 mortio
1218 2262 1290 2317 inire
1308 2262 1389 2316 oium

852 2467 1017 2537 loannes
1050 2470 1256 2538 Louicerus
1285 2467 1519 2537 Ortheranus
1533 2468 1571 2549 ³).

423 2597 592 2664 Ortbernio
605 2596 780 2663 Comitatus
793 2597 1036 2668 Mansieldensis
1054 2602 1203 2668 oriundus
1222 2601 1336 2683 oppido
1356 2617 1440 2666 auno
1456 2594 1697 2665 dccccxciii
1708 2598 1782 2675 post
1793 2592 1894 2674 prima
1909 2592 2084 2659 studiorum

340 2698 511 2781 tyrocinia,
539 2714 621 2778 quae
647 2696 680 2761 in
710 2696 817 2762 schola
846 2699 953 2778 patria
980 2701 1052 2781 pari
1077 2707 1111 2767 et
1136 2701 1298 2767 eeleritate
1319 2706 1353 2766 et
1377 2699 1528 2766 felicitate
1549 2699 1711 2779 posuerat,
1741 2711 1811 2758 oum
1836 2691 1947 2772 injusti
1980 2692 2085 2758 ritrici

339 2813 480 2863 morosos
500 2795 641 2878 inprimis
660 2813 765 2861 mores
786 2795 919 2880 ingeret,
938 2799 1073 2866 Ialebiae
1091 2802 1271 2883 paupertati
1291 2800 1433 2882 quamvis
1454 2797 1627 2880 proximus,
1654 2792 1759 2861 studia
1780 2794 1887 2856 tamen
1907 2789 2014 2856 sedulo
2034 2796 2084 2855 est

339 2901 539 2978 persecubus,
564 2894 699 2977 aliisque
724 2891 864 2961 honestis
891 2896 1141 2965 adolescentibus
1169 2916 1297 2981 operam
1324 2898 1454 2978 locavit,
1483 2901 1521 2963 ut
1542 2894 1604 2961 hac
1620 2893 1763 2972 ratione,
1790 2906 1872 2971 quae
1899 2888 1940 2954 ad
1968 2890 2084 2955 victum

339 2999 447 3061 essent
464 2994 658 3075 necessaria,
686 3000 888 3062 emereretur.
933 2996 1145 3078 caeteroquin
1170 3015 1210 3064 ex
1228 2998 1292 3064 iilis
1320 2995 1500 3078 pulveribus
1525 2992 1701 3061 scholarum
1724 2995 1756 3057 et
1776 2988 1923 3054 fortunae
1944 2987 2085 3054 adversis

339 3092 485 3176 procellis
513 3092 670 3160 eluctatus
696 3099 824 3175 portum
852 3093 975 3161 demum
1002 3097 1106 3161 tenuit
1139 3097 1341 3178 quietiorem,
1368 3095 1569 3162 Academiam
1596 3092 1743 3158 nimirum
1770 3086 1991 3153 lictardianam
2019 3092 2086 3153 turn

340 3192 490 3274 temporis
516 3209 579 3257 non
610 3192 785 3273 ingloriam.
832 3192 914 3259 Hinc
939 3194 1099 3260 discedens
1122 3195 1348 3277 Wittebergam
1376 3195 1501 3278 appulit
1527 3191 1660 3259 Lntheri
1686 3194 1791 3254 motus
1813 3185 1912 3268 fama,
1940 3186 1994 3252 ubi
2022 3204 2086 3253 non

341 3290 442 3356 solum
463 3292 548 3357 acuit
567 3290 776 3373 proceditque
796 3292 953 3375 lingnam,
983 3294 1039 3359 sed
1061 3299 1172 3377 pectus
1201 3312 1324 3377 quoque
1351 3294 1455 3376 ipsum
1476 3292 1683 3359 maximarum
1704 3303 1809 3353 rerum
1829 3290 1863 3351 et
1883 3285 2085 3368 plurimarum

341 3390 512 3471 suavitate,
540 3390 631 3470 copia
655 3396 689 3455 et
711 3391 866 3457 varietate
888 3393 935 3457 ita
955 3393 1140 3476 complevit,
1161 3399 1198 3460 ut
1221 3395 1333 3475 dignus
1356 3393 1452 3459 fuerit
1473 3390 1614 3471 habitus,
1634 3388 1685 3455 cui
1707 3404 1778 3453 cum
1799 3402 1912 3466 magno
1932 3384 1988 3451 illo
2009 3385 2085 3452 Gor·

340 3490 428 3554 nario
449 3488 656 3571 philosophici
682 3486 818 3559 honores
836 3491 966 3571 sumni,
996 3492 1050 3572 qui
1068 3492 1215 3573 Magistri
1241 3493 1334 3574 vulgo
1364 3492 1457 3557 titulo
1476 3494 1657 3568 censentur,
1683 3488 1926 3554 decernerentur
1946 3500 2030 3551 anno
2051 3485 2084 3551 S.

339 3586 479 3653 MDXXI
499 3588 571 3653 lan.
592 3586 706 3653 XXIV.
748 3588 955 3653 Postmodum
975 3607 1096 3671 quoqne
1111 3609 1189 3656 rara
1198 3592 1229 3673 ⁴)
1251 3591 1387 3656 hominis
1400 3595 1432 3655 et
1447 3588 1605 3671 exquisita
1625 3603 1767 3667 prorsus,
1789 3602 1852 3666 qua
1877 3582 2087 3666 praecellebat

339 3688 390 3752 vel
411 3687 553 3767 maxime,
575 3686 757 3767 linguarum
778 3687 914 3767 cognitio
934 3688 982 3753 ita
1002 3689 1144 3755 innotuit
1164 3690 1267 3756 doctis
1287 3690 1374 3770 viris,
1394 3694 1431 3754 nt
1453 3687 1616 3770 Philippus
1629 3683 1830 3751 Melanchton
1852 3686 1885 3747 et
1902 3680 2084 3748 Joaohimus

340 3785 542 3852 Camerarius
562 3786 630 3867 eins
651 3785 702 3849 vel
721 3785 861 3867 inprimis
882 3803 978 3868 opera
998 3787 1031 3851 in
1053 3789 1196 3869 augendo
1209 3789 1322 3854 lexico
1337 3787 1558 3854 Graecolatino
1572 3789 1747 3851 uterentur.
1787 3782 1891 3863 Atque
1910 3780 1982 3848 hino
2003 3798 2085 3849 anno

339 3884 497 3951 MDXXII
522 3882 711 3965 Friburgum
736 3883 902 3965 Brisgoiae
930 3891 1079 3953 evocatus
1105 3905 1222 3954 annum
1248 3888 1398 3955 Sanctam
1428 3886 1544 3953 ibidem
1572 3886 1711 3966 lingnam
1738 3882 1859 3963 docuit,
1886 3897 1948 3962 quo
1975 3886 2086 3949 exacto

340 3984 422 4050 circa
441 4000 558 4048 annum
579 3981 751 4049 MDXXIII
769 3983 1015 4065 Argentoratum
1033 3986 1112 4053 abiit
1133 3992 1166 4054 et
1189 3988 1234 4053 rei
1256 3986 1500 4069 typographicae
1518 3986 1552 4050 in
1572 3981 1763 4064 corrigendis
1783 3980 1963 4061 praelorum
1982 3981 2084 4063 operis

340 4100 457 4149 racana
472 4080 607 4163 Philippi
617 4081 847 4149 Melanchtonis
862 4082 991 4149 hortatu
1004 4083 1143 4152 Graecos
1157 4085 1321 4152 nonnullos
1340 4085 1459 4151 codices
1475 4102 1595 4150 summa
1609 4100 1686 4149 cura
1702 4080 1854 4162 restitnit,
1874 4077 2086 4163 familiamque

340 4180 426 4263 inibi,
448 4198 543 4247 uxore
562 4198 646 4247 anno
664 4181 799 4248 DXXIV
818 4182 924 4264 ducta,
953 4182 1125 4249 collocarit.
1165 4185 1272 4265 Atque
1293 4185 1376 4249 hunc
1396 4184 1428 4249 in
1449 4182 1576 4250 modurn
1597 4182 1631 4247 in
1653 4178 1880 4262 Philosophiois
1900 4182 1934 4245 et
1954 4178 2085 4246 Theoio

342 4280 418 4361 giois
440 4278 550 4344 studiis
571 4285 730 4360 versatus,
759 4296 854 4360 quum
877 4280 1062 4346 eruditionis
1091 4287 1124 4345 et
1146 4283 1305 4348 doctrinae
1327 4282 1504 4364 collegisset
1522 4280 1582 4346 sibi
1603 4279 1733 4360 famam,
1760 4278 1794 4343 ia
1815 4295 1930 4344 noram
1947 4277 2085 4344 scholam

342 4379 598 4461 Marpurgeusem
618 4397 657 4443 ex
678 4378 948 4460 Argentoratensi,
968 4397 1030 4461 quo
1051 4399 1086 4445 se
1102 4380 1309 4447 Franooiurto
1323 4381 1366 4447 ud
1383 4381 1521 4448 Odorem
1533 4381 1562 4462 ⁸)
1584 4379 1656 4444 exul
1674 4381 1846 4459 receperat,
1868 4376 1951 4442 inter
1968 4377 2083 4458 primos

342 4495 404 4543 nna
424 4496 494 4544 oum
516 4477 662 4542 Ferraria
685 4477 804 4542 accitus
827 4481 876 4542 est
896 4497 979 4543 anno
1000 4478 1186 4545 MDXXVII
1204 4486 1337 4545 amante
1357 4480 1389 4545 id
1411 4480 1534 4547 Joanne
1551 4477 1658 4544 Ficino
1676 4475 1812 4542 Hassiae
1826 4474 2027 4557 Cancellario,
2047 4480 2085 4539 ut

341 4578 374 4641 in
397 4595 435 4642 ea
456 4578 594 4643 Graecas
622 4576 732 4642 literas
764 4576 874 4642 addita
900 4583 1010 4660 postea
1028 4578 1124 4644 etiam
1145 4577 1176 4644 S.
1199 4579 1341 4662 Linguae
1367 4580 1504 4646 lectione
1532 4576 1656 4660 publice
1680 4576 1815 4641 doceret.
1857 4574 1896 4639 Id
1915 4574 2001 4655 quod
2021 4592 2084 4639 non

343 4676 413 4741 viva
434 4675 535 4741 solum
556 4693 640 4757 voce,
661 4676 718 4741 sed
740 4680 773 4740 et
793 4676 916 4758 scriptis
937 4678 1032 4742 etiarn
1047 4678 1271 4745 amoenissimis
1283 4678 1400 4761 ingenii
1412 4683 1446 4743 et
1461 4675 1535 4743 fidei
1546 4675 1761 4742 sanctissimae
1773 4671 1907 4739 testibus
1921 4674 2082 4753 praestitit

447 4857 474 4923 l)
492 4856 588 4911 Tilem.
608 4864 641 4923 et,
660 4856 708 4911 sed
726 4858 759 4923 ei,
776 4858 864 4912 minua
879 4859 1024 4927 perepicuo
1042 4865 1183 4915 exaratum
1201 4861 1229 4914 in
1248 4859 1317 4931 cod,
1333 4857 1479 4927 legendum
1498 4871 1559 4912 esse
1578 4860 1664 4924 patet.

447 4943 476 5010 2)
495 4940 579 5010 Apud
596 4941 734 5011 Nigidium
750 4943 876 5011 (Elench.
894 4943 1010 5012 proieaa.
1028 4944 1104 5000 acad.
1123 4944 1212 5015 Marp.
1230 4946 1288 5001 vita
1305 4945 1499 5001 detunctorum
1525 4941 1614 5012 Marp.
1633 4940 1701 4997 Catt.
1722 4941 1796 4995 1591.
1814 4956 1842 5009 p.
1860 4939 1908 5009 23)
1925 4943 2014 4995 exstat
2032 4942 2083 4996 bio.

449 5028 479 5096 3)
498 5029 584 5083 Usum
602 5044 664 5083 esse
676 5028 824 5083 Diliohium
841 5028 993 5084 Boieaordi
1009 5030 1133 5086 iconibus
1148 5031 1267 5086 virorum
1280 5030 1435 5098 illustrium,
1453 5028 1531 5084 ouius
1544 5027 1607 5083 libri
1619 5028 1702 5084 tertia
1715 5039 1780 5096 pars
1791 5023 1963 5081 Francoiurti
1978 5040 2003 5080 a.
2017 5027 2084 5081 1598

343 5112 418 5168 edita
436 5129 463 5181 p.
485 5116 620 5168 179-194
639 5114 766 5169 Lonieeri
783 5114 866 5168 vitam
883 5115 1013 5182 continet,
1029 5117 1091 5184 ipsc
1108 5116 1193 5171 rerba
1209 5116 1284 5172 haud
1301 5132 1363 5173 raro
1381 5118 1453 5174 inter
1471 5129 1502 5170 se
1522 5113 1700 5183 congruentia
1717 5110 1824 5169 docent.
1860 5110 2027 5181 Quamquam
2044 5112 2084 5166 nti

342 5198 424 5253 etiam
442 5200 532 5267 potuit
549 5200 648 5254 Melet.
663 5196 767 5254 Adonai
781 5198 845 5254 vitia
862 5200 986 5255 German
1005 5200 1104 5269 philos.
1122 5201 1249 5260 Heidelb.
1269 5219 1293 5259 a.
1308 5205 1376 5260 1615
1392 5202 1509 5272 primum
1527 5197 1616 5270 editis,
1635 5198 1681 5270 qui
1694 5215 1720 5269 p.
1730 5199 1782 5255 248
1792 5212 1850 5268 sqq.
1862 5196 1944 5253 vitam
1956 5193 2082 5253 Loniceri

212 5276 218 5287 ’
343 5283 515 5340 cBoiasordi
534 5286 604 5341 libro
621 5285 681 5342 iere
697 5286 904 5355 manaacmptam
920 5286 1039 5342 exhibet.

445 5376 476 5439 4)
495 5371 563 5426 Post
580 5371 697 5441 priorem
715 5370 848 5443 syllabam
866 5372 968 5427 inserta
983 5379 1026 5428 eat
1042 5374 1131 5443 imago
1151 5373 1286 5430 Lonieeui.

446 5458 477 5525 5)
493 5456 548 5511 Dii.
568 5457 619 5512 sibi
637 5473 692 5512 non
710 5462 824 5527 conmat,
842 5474 903 5513 oum
919 5462 1000 5513 autea
1010 5458 1157 5515 Boissardo
1175 5464 1287 5515 auctore
1300 5457 1462 5513 Lonicernm
1476 5453 1610 5527 Friburgo
1626 5456 1837 5534 Argentoratum
1845 5451 1946 5510 armar
1963 5450 2083 5512 dixisset

344 5542 522 5597 Franooiurto
554 5541 589 5596 ad
614 5541 745 5598 viadrum
777 5543 875 5598 relicto
899 5558 960 5599 enm
983 5544 1194 5615 Argentoratum
1222 5560 1252 5601 se
1283 5543 1434 5614 recepisse,
1465 5539 1642 5600 Tilemannua
1663 5556 1692 5614 p.
1715 5543 1750 5597 77
1773 5540 1907 5599 conducit
1930 5537 2083 5612 arimonio

343 5626 483 5683 Heiderioi
500 5627 646 5695 Theophili
665 5628 798 5699 Lonicari,
818 5626 932 5685 ioannis
950 5629 977 5699 t,
995 5617 1337 5688 inannahhuatacultatis
1354 5629 1454 5699 philos.
1474 5626 1550 5683 acad.
1570 5626 1656 5684 hiarb.
1675 5642 1732 5684 rem
1750 5624 1893 5685 narrantis.

1854 5732 1874 5791 l
