5409 7267
2169 943 2214 1013 sl

482 1146 628 1215 reddidit
672 1146 812 1216 Tandem
831 1167 903 1218 cum
920 1148 1004 1218 mem
1029 1150 1062 1217 iu
1084 1149 1275 1218 theodoreto
1303 1151 1458 1229 tentaret,
1488 1147 1587 1214 Jonas
1614 1152 1718 1215 morta
1742 1163 1826 1215 anno
1855 1146 1918 1215 su.
1940 1147 2093 1217 MDLHX
2110 1150 2218 1221 Martii

480 1248 572 1331 XVI,
595 1247 709 1315 aetads
729 1248 817 1316 mlx
836 1256 1029 1334 numanam,
1051 1249 1134 1333 quod
1154 1252 1317 1331 coeperat,
1346 1245 1511 1313 absolvere
1528 1264 1591 1313 non
1610 1248 1724 1330 potnit.
1766 1245 1831 1314 Sao
1850 1246 1946 1314 ctiam
1965 1255 2070 1316 marta
2084 1250 2217 1319 coniecit

480 1352 514 1413 et
540 1346 638 1414 edidit
665 1348 895 1417 Oatecdismnm
919 1371 985 1433 pro
1010 1349 1159 1417 Ecclesia
1185 1348 1474 1434 Fiancofnrdiana
1507 1348 1552 1413 ad
1579 1347 1749 1428 dioennm3
1785 1343 1961 1415 Consilium
1995 1349 2034 1416 de
2068 1352 2217 1418 artimtis

481 1448 664 1531 retipionis3
690 1447 941 1516 dissertationem
965 1451 1004 1517 de
1024 1452 1165 1518 cmmnm
1184 1446 1397 1532 receptaculis
1403 1474 1414 1530 ,·
1439 1446 1478 1513 de
1500 1447 1713 1514 omoioiornm
1733 1453 1872 1515 aeteram
1896 1447 2093 1518 &meorum
2112 1458 2142 1518 et
2160 1451 2218 1518 boc

481 1554 619 1629 tempore
648 1546 880 1616 Gemmnornm
908 1550 1040 1631 nitidas,
1067 1550 1209 1617 monibus
1244 1556 1275 1616 et
1301 1548 1499 1616 sermonibus
1528 1545 1658 1613 librum:
1698 1547 1737 1613 de
1763 1546 1895 1614 Amoris
1915 1551 2139 1630 praestantia:
2178 1550 2217 1617 de

480 1647 631 1714 Platonis
646 1654 676 1715 et
697 1648 916 1731 Xenophontis
935 1650 1133 1718 dissensione
1153 1653 1187 1719 et
1207 1648 1377 1716 eorundem
1396 1646 1583 1732 Symposio:
1617 1644 1792 1714 Universae
1809 1646 1993 1715 Medicinae
2013 1650 2217 1734 epiprapbem

481 1749 746 1815 enumerationem
770 1756 801 1816 et
827 1750 948 1816 menen
970 1748 1141 1835 Isapopen:
1169 1750 1209 1816 de
1227 1756 1319 1831 peste
1345 1745 1442 1813 libros
1469 1746 1563 1815 duos:
1598 1746 1768 1815 Oratores
1794 1764 1917 1830 quoque
1942 1747 2022 1815 duas
2050 1767 2077 1824 a
2090 1767 2125 1817 ae
2143 1768 2216 1817 oon

481 1848 630 1930 scriptas,
658 1847 790 1913 alteram
816 1867 898 1932 quae
921 1850 1103 1917 inscribitur
1122 1850 1338 1933 Hippocrates
1359 1868 1416 1916 sm
1438 1845 1561 1914 Doctor
1581 1868 1692 1928 amns,
1718 1847 1757 1911 de
1776 1847 2076 1916 rectis-Medicinae
2097 1850 2217 1917 stadiis
2273 1866 2275 1872 ’

481 1948 720 2028 amplectendis,
749 1947 883 2015 alteram
910 1950 1122 2046 Hippomatis
1153 1949 1294 2017 timisa
1329 1965 1365 2014 se
1392 1946 1551 2014 conversis
1580 1951 1616 2013 et
1640 1945 1812 2013 emendatis
1841 1945 1938 2013 veluti
1964 1949 2118 2015 auctum-ii
2145 1949 2214 2015 loco

482 2046 603 2127 adjecit.
645 2047 683 2112 In
703 2047 786 2114 hunc
806 2048 928 2115 Jannm
949 2049 1094 2116 Euricius
1117 2048 1258 2115 Gordus:

965 2150 1000 2203 Te
1018 2149 1081 2204 ticet
1097 2150 1217 2203 Arctoas
1235 2146 1411 2217 pereprinnm
1427 2145 1544 2215 contipit
1559 2145 1631 2212 nais,

997 2234 1070 2290 acm
1083 2240 1173 2289 tamea
1188 2234 1235 2288 bic
1251 2233 1338 2287 aniani
1351 2233 1476 2301 pipnorn
1492 2229 1581 2285 matta
1599 2233 1647 2285 Μ

963 2320 1071 2376 Scilicet
1090 2320 1205 2391 eprepii,
1223 2318 1384 2374 mammam
1399 2318 1517 2386 scripta,
1536 2316 1627 2384 malt,

999 2406 1075 2477 Quos
1091 2422 1204 2461 amsans
1220 2405 1314 2475 mapni
1333 2419 1409 2474 spem
1426 2404 1495 2458 nabi
1512 2418 1590 2457 mmo
1607 2404 1677 2457 hosat.

968 2490 1392 2562 otmmfocoapaacmem
1410 2487 1692 2555 mammonam,

996 2579 1110 2648 Efferat
1127 2577 1276 2643 sancitam,
1298 2582 1322 2632 te
1338 2577 1471 2647 potiente,
1486 2581 1578 2644 capnt.

481 2661 510 2727 J.
532 2662 703 2729 Sambnous

964 2765 1037 2835 Qnot
1054 2763 1157 2819 Graios
1171 2762 1260 2817 Latia
1277 2760 1389 2817 donasti
1406 2767 1495 2827 aaa,
1510 2766 1579 2830 anot
1593 2766 1691 2814 arnon

997 2850 1089 2918 Tapae
1108 2848 1259 2903 salutarem
1272 2846 1404 2917 partibas
1421 2846 1595 2902 aemmalm!

960 2934 1013 2991 Nsi
1028 2935 1126 2990 mctnia
1139 2933 1238 3003 focos:
1256 2938 1374 2988 oemncm
1390 2938 1563 2987 monumenta
1580 2947 1734 3001 repnrpans

996 3022 1083 3077 Ensis
1102 3037 1116 3074 e
1135 3020 1263 3086 tenebrim
1278 3018 1393 3090 pnhiica
1409 3025 1474 3073 cota
1487 3018 1581 3087 incas.

481 3091 515 3149 et
539 3086 677 3152 loannes
699 3088 932 3157 Bartholomaei

960 3190 994 3256 hi
1010 3190 1081 3246 Jani
1096 3193 1204 3258 spectas
1216 3185 1361 3257 smcnnda
1376 3186 1529 3252 minnista,
1548 3185 1635 3241 dices:

995 3277 1087 3333 Jonas
1104 3274 1381 3345 etinpnsio,.iaaua
1397 3278 1498 3328 marte
1514 3273 1594 3327 natet

1102 3475 1326 3541 Guilielmus
1355 3473 1590 3540 Gratarolns.

577 3608 730 3689 Bergomo
771 3607 947 3691 Cisalpinae
983 3607 1103 3675 Galliae
1147 3614 1240 3675 natus
1277 3607 1392 3691 oppido
1429 3606 1566 3673 Medicus
1605 3613 1637 3671 et
1675 3604 1881 3690 Philosophus
1926 3607 2050 3691 egregie
2092 3604 2212 3694 doctum,

478 3707 722 3790 physiognomon
753 3711 786 3772 et
813 3707 988 3790 speculator
1016 3713 1148 3774 natmae
1183 3708 1415 3775 solertissimus.
1465 3706 1558 3772 Hunc
1588 3724 1670 3771 auno
1700 3704 1838 3772 MDLXI
1864 3706 2008 3773 Octobris
2039 3712 2129 3775 sexta
2163 3710 2213 3778 die

479 3811 643 3873 evocatum
663 3804 703 3872 ad
724 3805 947 3889 professionem
969 3805 1138 3890 Medicam,
1161 3826 1293 3891 eamque
1314 3807 1371 3874 sub
1391 3807 1516 3873 initium
1528 3806 1690 3871 Februarii
1711 3806 1786 3871 anni
1806 3805 2027 3888 subsequentis
2045 3806 2213 3876 adeuntem

479 3905 603 3972 Basilea
625 3905 859 3989 transmiserat,
888 3910 924 3973 ut
943 3905 1099 3973 Medicum
1120 3913 1154 3974 et
1172 3906 1385 3973 Pr0fessorem
1411 3906 1525 3972 hucin
1548 3905 1623 3971 urbe
1645 3912 1765 3987 ageret.
1806 3902 1955 3971 Excussis
1977 3922 2051 3988 ergo
2073 3907 2212 3977 thesibus

480 4023 562 4070 nono
583 4004 658 4088 Maji
681 4023 762 4071 anno
782 4003 934 4070 MDLXH
964 4024 1022 4090 pro
1049 4006 1116 4072 loco
1143 4007 1176 4072 in
1201 4006 1352 4074 facultate
1377 4006 1499 4071 medica
1522 4004 1692 4087 disputavit
1711 4003 1843 4087 publice.
1889 4004 2005 4071 Verum
2032 4023 2127 4089 quum
2154 4008 2213 4076 loci

482 4105 613 4171 Genium
632 4104 740 4171 forsan
758 4110 791 4170 et
804 4110 908 4171 aerem
930 4103 1011 4171 terre
1033 4124 1097 4171 nou
1116 4112 1234 4190 posset,
1255 4106 1340 4172 ultra
1351 4105 1509 4171 biennium
1525 4122 1649 4187 operam
1666 4122 1755 4170 snam
1771 4120 1835 4169 nou
1849 4104 2211 4188 collocavithcademiae,

480 4202 535 4270 sed
547 4204 712 4286 Basileam,
732 4204 821 4286 orius
842 4204 894 4271 ille
915 4203 1049 4288 hospitio
1071 4204 1159 4271 mbis
1179 4205 1321 4288 inprimis
1339 4212 1464 4271 matura
1476 4210 1583 4271 aetate
1598 4201 1770 4269 delectatus
1792 4202 1904 4288 marat,
1923 4206 2212 4299 remeanstandem

480 4303 615 4368 animam
635 4302 699 4368 illic
716 4303 869 4385 expiravit
883 4321 965 4369 anno
980 4302 1162 4370 MDLXIIX
1175 4305 1202 4387 ¹)
1217 4303 1295 4387 Maji
1317 4303 1366 4371 die
1383 4303 1428 4371 VI
1448 4303 1497 4370 vel
1518 4311 1555 4369 ut
1574 4303 1643 4369 aliis
1659 4302 1763 4386 placet
1774 4301 1849 4369 XVI
1862 4302 1997 4387 Aprilis,
2013 4305 2129 4372 aetatis
2145 4304 2212 4388 LII,

479 4403 689 4468 monumentis
709 4401 891 4468 eruditionis
912 4397 987 4469 suae
1000 4403 1119 4469 relictis
1133 4422 1197 4470 nou
1211 4403 1393 4486 vulgaribus
1406 4404 1584 4470 Memoriae
1605 4402 1748 4469 videlicet
1769 4410 1801 4470 et
1818 4402 2013 4470 oatctndim's
2035 4403 2211 4472 sanandae

480 4503 673 4585 tuendaeque
702 4508 732 4568 et
757 4502 796 4568 de
813 4509 904 4584 peste
926 4502 1019 4569 tibris
1039 4504 1272 4570 accuratissime
1293 4503 1483 4587 pulchreque
1506 4504 1646 4587 scriptis,
1681 4503 1755 4568 itam
1784 4502 1823 4569 cte
1846 4503 2068 4584 praedictione
2088 4524 2210 4569 moram

479 4608 730 4684 natararnmqne
760 4602 918 4668 dominnm
944 4603 1047 4686 sacili
1079 4624 1118 4670 ec
1149 4605 1342 4686 inspectione
1376 4607 1519 4686 corporis
1552 4603 1649 4669 libro:
1687 4602 1907 4685 Propnosticis
1936 4603 2141 4670 naturatibus
2172 4604 2233 4672 de,

480 4710 652 4783 temporam
670 4702 843 4767 motatione
857 4708 1035 4783 pcopetna,
1065 4702 1195 4787 adjectis
1215 4704 1361 4771 undecim
1380 4706 1483 4788 sipnis
1504 4712 1610 4769 tanae
1629 4708 1751 4768 motas:
1778 4701 1817 4767 de
1839 4703 1969 4767 therama
1988 4701 2150 4769 mnam.-
2172 4704 2211 4769 de

473 4803 564 4867 notis
583 4800 817 4867 AntiOdristc':
837 4800 876 4866 de
895 4802 963 4867 nini
983 4807 1117 4882 natura,
1147 4804 1301 4885 artthoio,
1331 4824 1396 4870 nsn
1415 4812 1447 4870 et
1465 4806 1552 4869 mni
1568 4824 1605 4868 re
1620 4801 1818 4884 psaltim:
1851 4799 2062 4883 iriensibus,
2092 4822 2155 4868 m
2172 4822 2210 4868 ac

479 4902 629 4967 mistione
650 4922 752 4983 aquae
775 4901 927 4966 armatis.
979 4899 1089 4966 Edidit
1106 4906 1140 4967 et
1161 4901 1381 4969 (lmrmtiones
1398 4922 1624 4984 mmrampnc
1651 4903 1687 4967 in
1712 4900 1845 4980 limam,
1875 4902 1926 4965 cni
1949 4900 2063 4967 titnins
2083 4900 2210 4969 Semela

480 5000 625 5082 Fattopii
646 5005 679 5065 et
698 5002 734 5066 in
755 5000 873 5066 tinam
884 5000 997 5066 Atecit
1017 5000 1266 5086 Pannoniam]
1288 5020 1325 5069 ac
1342 5003 1428 5070 inter
1449 5008 1588 5069 meteres
1607 5018 1729 5083 quoqne
1750 5000 1983 5067 lucubrationes
1996 4998 2210 5068 Ohcnsicornm

578 5220 608 5289 1)
624 5219 685 5276 Hoc
702 5220 849 5290 scripserat
865 5218 934 5290 Dil.;
958 5225 1056 5291 postea
1078 5224 1170 5277 tamen
1197 5220 1321 5279 literali
1345 5226 1481 5293 expuncta
1499 5226 1551 5292 ast,
1576 5220 1616 5275 ita
1638 5225 1668 5276 ut
1687 5217 1818 5288 temporis
1843 5218 1947 5276 notado
1972 5217 2006 5273 iia
2029 5218 2109 5289 ipsis,
2140 5235 2210 5290 quae

480 5304 656 5375 antecedunt,
681 5305 847 5362 adversetur.
888 5304 973 5376 Cujus
1000 5306 1158 5364 mutationis
1175 5303 1277 5363 ‘auctor
1302 5324 1364 5365 esse
1393 5307 1500 5364 ridetur
1528 5305 1655 5379 Nigidius
1683 5313 1795 5365 marten
1820 5305 1957 5363 Gramroli
1987 5319 2057 5361 anno
2079 5303 2208 5360 unnxn

480 5391 633 5461 campumt,
652 5389 701 5446 sed
719 5407 780 5447 eum
800 5404 907 5447 amasae
924 5391 1102 5448 amissimum
1121 5398 1171 5449 est
1205 5393 1245 5451 (tt.
1263 5392 1385 5451 Strieder
1401 5391 1435 5466 V,
1454 5411 1481 5464 p.
1499 5397 1542 5450 60.

578 5479 608 5546 2)
626 5477 716 5547 imago
734 5478 878 5533 Grataroii.

578 5562 607 5630 3)
626 5561 702 5630 Quae
720 5564 797 5619 uncis
815 5564 972 5621 inclusimus
989 5564 1018 5624 in
1037 5565 1156 5634 summus
1174 5564 1266 5621 addita
1283 5565 1424 5622 verborum
1438 5565 1593 5634 iuncturam
1610 5565 1725 5621 turbant
