5409 7267
2024 947 2071 1020 69

333 1174 397 1223 uon
423 1172 505 1238 quae
532 1155 645 1223 diebm
673 1157 937 1224 circumscribitur
963 1157 1213 1240 quamplurimis,
1247 1155 1301 1222 sed
1331 1155 1450 1221 tructus
1478 1153 1727 1236 nouaretque
1756 1152 1956 1220 auctoritatis
1985 1155 2071 1237 capit

332 1260 498 1323 exuemos.
556 1255 772 1322 Eruditionem
799 1258 967 1323 etiamnum
999 1257 1170 1339 loquuntur
1191 1256 1433 1335 caementarii,
1466 1270 1545 1336 quos
1569 1256 1606 1319 aba
1626 1253 1770 1338 Regulos
1790 1254 1887 1321 Jsrris
1914 1253 2012 1321 edidit
2037 1260 2071 1322 et

331 1353 490 1439 posthumi
511 1356 544 1421 in
565 1355 691 1422 timlum
711 1358 865 1425 derebus
886 1358 1031 1437 creditis,
1054 1373 1132 1437 quos
1152 1356 1193 1421 ab
1211 1355 1298 1422 obitu
1319 1354 1420 1437 patris
1442 1354 1526 1436 typis
1549 1353 1658 1419 muudi
1672 1352 1814 1420 feccmmt
1832 1353 1984 1420 haeredes
2003 1352 2068 1420 lilii

334 1456 382 1521 Dc
403 1456 523 1538 pietate
544 1459 578 1522 et
605 1457 783 1522 constantia
805 1457 937 1539 Philippi
958 1456 1109 1522 Matthaei
1130 1472 1332 1537 anagramma
1357 1454 1484 1536 scripsit
1507 1453 1709 1519 Hemonam
1731 1453 1917 1520 Fabronius:
1947 1453 2003 1522 TU
2023 1455 2068 1522 ID

332 1554 437 1622 PIUM
456 1554 574 1622 SAPE:
597 1554 654 1623 UT
675 1555 794 1623 LAPIS
807 1561 846 1638 ¹).
888 1557 936 1622 Ex
959 1574 1020 1639 quo
1042 1556 1216 1637 colligitur:
1237 1552 1458 1620 PHILIPPUS
1479 1551 1735 1621 MATTHAEUS
1755 1551 1786 1619 J.
1806 1552 1845 1619 U.
1864 1553 1903 1619 D.

815 1657 882 1712 Nou
900 1663 956 1712 tom
972 1658 1045 1712 mira
1061 1657 1130 1716 maai
1148 1653 1252 1725 lapidas
1271 1670 1387 1709 censere
1402 1653 1519 1709 uidebar.

851 1742 932 1813 Quod
949 1742 1081 1798 creditam
1097 1742 1227 1808 volimus,
1245 1740 1336 1811 lapidi
1351 1740 1483 1795 diximus.

814 1830 856 1886 Et
872 1830 947 1901 lepis
963 1831 1091 1884 immotus
1108 1829 1246 1900 persistit,
1262 1843 1335 1883 sucu
1349 1831 1510 1898 peramans,

850 1917 1005 1983 Mattiaco,
1024 1922 1121 1972 cuncto
1137 1917 1242 1970 nantas
1261 1921 1306 1970 tuo
1325 1912 1472 1983 quadrant.

814 2004 917 2058 ercta
935 2003 985 2057 abi
1002 2018 1082 2057 varos
1093 2001 1164 2072 fidei
1180 2001 1336 2056 constantio
1355 1998 1466 2065 Christo,

852 2089 939 2159 Qum
953 2088 1045 2142 nullae
1061 2089 1204 2143 mocba'noa
1219 2092 1338 2157 possunt
1354 2085 1568 2156 confrabpcwl.
1696 2121 1699 2128 -

985 2290 1148 2358 ioannes
1176 2290 1410 2358 Goeddaeus.

429 2407 533 2474 Media
551 2413 643 2474 nocte
661 2409 746 2474 inter
766 2409 934 2491 septimum
962 2413 995 2475 et
1016 2413 1160 2474 octauum
1181 2406 1364 2474 Decembris
1393 2406 1474 2472 diem
1499 2424 1583 2473 anno
1605 2406 1724 2474 MDLV
1751 2408 1784 2474 in
1812 2409 1893 2476 hunc
1920 2410 2067 2478 mundum

331 2514 424 2575 natus
453 2514 545 2591 patre
572 2507 707 2575 ilenrico
735 2507 903 2575 Goeddaeo
932 2508 999 2575 viro
1028 2508 1192 2575 consulari
1224 2513 1257 2574 et
1285 2512 1387 2574 matre
1407 2505 1592 2573 Elisabetha
1611 2507 1742 2575 ioannis
1760 2507 1890 2575 Beckeri
1912 2509 2067 2577 Senatorii

330 2609 450 2675 ordinis
476 2607 559 2674 illius
587 2608 649 2675 loci
677 2614 711 2674 et
738 2607 916 2675 christinae
942 2607 1074 2674 Praleae
1099 2607 1165 2673 filia
1195 2608 1226 2672 in
1257 2605 1470 2689 Westphaliae
1498 2605 1660 2689 Marchia,
1694 2608 1744 2674 cui
1773 2606 1891 2675 Swerte
1920 2627 1940 2674 a
1964 2608 2067 2690 gladio

331 2707 477 2774 videlicet
496 2725 624 2788 nomen,
654 2725 715 2790 quo
742 2708 865 2789 gemino
894 2727 951 2792 pro
975 2708 1147 2790 insignibus
1169 2706 1303 2790 Respub.
1332 2706 1388 2771 illa
1417 2707 1526 2772 utitur.
1579 2707 1617 2772 ln
1644 2706 1776 2773 infantia
1803 2714 1836 2774 et
1860 2708 1997 2791 pueritia
2024 2708 2065 2774 ad

329 2808 485 2875 decimum
506 2811 649 2873 ocmuum
670 2808 787 2874 aetatis
809 2825 907 2889 usqne
927 2825 1045 2873 annum
1059 2809 1154 2874 variis
1175 2806 1353 2874 morborum
1371 2806 1536 2888 generibus
1556 2804 1767 2888 conflictatus,
1789 2806 1882 2874 dubia
1901 2807 2066 2876 admodum

329 2926 404 2975 usus
426 2912 477 2974 est
498 2906 691 2988 valetudine,
720 2925 781 2989 quo
807 2906 941 2988 lactum,
972 2913 1009 2973 ut
1027 2912 1140 2990 sero⁸)
1174 2907 1214 2973 ad
1241 2905 1341 2972 ardua
1370 2906 1530 2970 literarum
1553 2904 1658 2971 studia
1686 2906 1860 2972 accesserit.
1903 2909 1947 2973 At
1971 2926 2066 2991 quum

329 3007 505 3090 pubertatis
526 3008 686 3089 attigisset
705 3024 805 3074 annos
827 3025 865 3073 er
892 3007 1084 3073 incommoda
1104 3006 1282 3073 valetudine
1307 3006 1365 3072 Dei
1391 3004 1541 3071 beneficio
1568 3022 1709 3070 emersus
1736 3011 1770 3071 et
1798 3005 1899 3074 literis
1925 3007 2065 3091 inprimis

330 3107 504 3175 delectatus
524 3108 606 3173 omui
626 3107 728 3175 studio
750 3107 791 3173 ad
819 3114 907 3173 artes
934 3106 1097 3173 discendas
1122 3105 1304 3173 enitendum
1332 3105 1455 3189 putavit
1482 3103 1550 3170 sibi.
1601 3103 1735 3187 ideoque
1762 3106 1870 3189 primis
1898 3106 1931 3173 in
1958 3108 2065 3191 patria

328 3208 435 3276 ecbola
453 3208 590 3275 imbutus
611 3207 773 3275 elementis
792 3214 864 3292 post
883 3208 916 3274 in
937 3208 1145 3274 Tremouiana
1166 3206 1225 3273 sub
1247 3205 1369 3273 Joannc
1388 3203 1576 3270 Lambacbio
1599 3204 1683 3284 Icto,
1702 3204 1860 3273 Friderico
1878 3206 2062 3290 Beurhusio,

329 3307 454 3376 Joanue
474 3306 569 3391 Copio
587 3312 621 3373 et
639 3307 684 3373 M.
705 3307 847 3391 Philippo
868 3305 1011 3373 Fabricio
1040 3307 1173 3389 aliisque
1202 3307 1235 3371 in
1265 3305 1379 3372 sobolis
1400 3303 1620 3387 Westphalicis
1647 3308 1680 3370 et
1700 3304 1808 3371 vicinis
1827 3306 1974 3390 quioquid
1994 3313 2079 3374 erat.

328 3408 378 3473 sel
399 3406 514 3490 ingenii
533 3406 583 3472 vel
602 3407 714 3473 aetads
736 3406 786 3470 vel
809 3424 922 3488 operae
943 3408 975 3471 in
993 3407 1112 3470 artium
1133 3405 1308 3470 liberalium
1329 3404 1503 3485 cognitione
1529 3403 1698 3469 collocavit.
1741 3403 1858 3471 Verum
1883 3424 1953 3472 cum
1972 3405 2062 3475 miles

326 3508 438 3574 Iberus
453 3512 520 3572 tum
532 3506 698 3588 praecipue
712 3505 887 3570 immineret
899 3506 1103 3585 Daventriae,
1122 3511 1213 3587 pater
1225 3504 1259 3570 id
1275 3522 1292 3569 e
1308 3502 1363 3567 filii
1377 3502 1471 3568 rebus
1485 3502 1660 3569 arbitratus
1681 3502 1815 3569 eundem
1828 3522 1848 3569 a
1863 3503 2062 3584 literarum⁴l

327 3607 444 3674 studiis
465 3604 660 3670 abstractum
681 3602 722 3668 ad
741 3608 949 3668 mercaturam
969 3608 1003 3669 et
1024 3603 1257 3684 negotiationes
1279 3602 1413 3682 impulit.
1466 3602 1510 3667 At
1538 3601 1619 3667 enim
1648 3619 1717 3667 cum
1744 3601 1878 3669 hominis
1899 3605 2061 3674 conatibus

325 3708 360 3773 in
383 3709 560 3772 mercatura
582 3701 725 3768 iacienda
745 3702 847 3768 minus
869 3702 1074 3785 responderet
1099 3702 1228 3766 fortuna
1254 3702 1384 3784 ipseque
1411 3701 1490 3767 adeo
1520 3707 1611 3784 pater
1631 3702 1837 3785 perspiceret,
1864 3703 1964 3769 Deum
1984 3723 2062 3788 esse,
2164 3707 2171 3724 '

328 3805 384 3888 qui
404 3803 536 3870 hominis
557 3802 706 3885 cujusque
726 3801 887 3882 ingenium
907 3801 966 3868 huc
993 3807 1027 3867 et
1048 3801 1123 3866 illuc
1143 3802 1250 3867 flectat
1276 3806 1375 3883 atque
1400 3805 1586 3882 commutet,
1616 3818 1653 3867 eo
1672 3799 1771 3867 filium
1791 3801 1892 3869 redire
1910 3805 2062 3890 permisit,

329 3923 391 3988 quo
423 3920 512 3969 mens
543 3903 612 3983 ipsa
643 3900 792 3967 inclinare
821 3901 997 3967 videbatur.
1048 3901 1139 3965 Anno
1175 3902 1282 3984 itaque
1311 3900 1506 3970 MDLXXVI
1536 3899 1692 3967 nobilissi:
1728 3900 1919 3968 adolescenti
1947 3902 2062 3972 ioanni

328 4023 349 4069 a
370 4003 478 4069 Marco
499 4002 531 4066 in
545 4000 701 4082 Wilgasto
722 3999 901 4083 praefectus
923 4001 1052 4066 remotis
1071 4001 1205 4066 caeteris
1227 4000 1354 4084 studiis,
1377 4001 1519 4082 quamvis
1532 4000 1636 4082 ampla
1653 4018 1692 4066 ea
1705 4007 1810 4068 essent
1822 4020 1951 4083 prorsus
1966 4008 2060 4086 atque

328 4103 505 4186 praeclara,
526 4102 559 4166 in
580 4100 862 4182 Jurisprudentiam
883 4119 921 4167 aa
939 4101 1107 4167 sedulitate
1125 4101 1322 4181 incubuit³),
1346 4106 1384 4166 ut
1403 4100 1528 4166 labores
1548 4100 1642 4183 ipsoS,
1663 4100 1716 4182 qui
1734 4100 1825 4166 multi
1844 4102 2011 4184 magnique
2026 4104 2059 4168 in

328 4203 387 4268 boc
414 4201 591 4268 studiorum
622 4218 735 4282 genere
767 4200 940 4267 collocandi
969 4206 1058 4283 sunt,
1095 4202 1260 4283 omniaque
1286 4200 1367 4267 adeo
1395 4198 1613 4281 impedimento
1647 4200 1810 4280 diligentia
1844 4200 2060 4285 industriaque

327 4307 498 4385 superaret.
539 4300 676 4382 ideoque
705 4305 742 4365 ut
768 4299 962 4382 intelligendi
988 4299 1039 4365 vel
1064 4301 1205 4382 inprimis
1231 4306 1360 4365 acueret
1384 4298 1599 4381 prudentiam,
1635 4315 1750 4381 eaque,
1787 4316 1868 4380 quae
1893 4301 2058 4383 audiendo,

326 4401 461 4486 legendo
488 4398 714 4481 scribendoque
742 4400 1039 4488 comprehendisset,
1074 4400 1107 4465 in
1133 4417 1259 4466 succum
1287 4400 1379 4481 quasi
1406 4403 1546 4464 verteret
1573 4403 1608 4464 et
1636 4399 1834 4480 sanguinem,
1868 4404 1901 4465 et
1929 4400 2059 4467 aliorum

327 4518 455 4585 quoque
474 4499 565 4565 simod
582 4499 710 4582 J'uvaret
728 4499 841 4580 studia,
862 4499 946 4564 inter
957 4499 1092 4581 parietes
1105 4495 1245 4581 privatos
1264 4499 1315 4580 Jus
1328 4500 1431 4582 ipsum
1445 4499 1560 4580 docuit,
1579 4497 1901 4580 disputationibusque
1919 4498 2059 4581 inprimis

326 4621 379 4684 ea,
401 4617 482 4684 quae
504 4600 537 4665 in
556 4598 713 4665 hominum
736 4598 995 4679 disceptationem
1016 4597 1127 4664 cadere
1148 4604 1294 4682 possunt,
1316 4599 1480 4665 constituit
1500 4605 1534 4665 et
1554 4597 1719 4680 explicavit
1740 4597 1837 4663 docte.
1878 4600 1980 4679 Atque
1998 4597 2057 4666 hac

326 4701 452 4785 quidem
473 4700 608 4780 ratione,
631 4715 727 4779 quum
749 4697 807 4763 hoc
822 4699 855 4763 in
869 4697 1044 4764 studiorum
1058 4715 1173 4780 genere
1187 4716 1308 4765 summa
1323 4697 1449 4765 ledsset
1463 4697 1574 4779 omnia,
1599 4696 1767 4762 honoribus
1782 4713 1904 4779 quoque
1920 4699 2057 4781 summis,

326 4802 380 4886 qui
408 4818 472 4866 non
499 4799 738 4864 invitamentum
765 4796 807 4862 ad
833 4801 974 4881 tempus,
1013 4798 1071 4864 sed
1097 4803 1268 4881 perpetuae
1295 4797 1423 4864 virtutis
1447 4803 1522 4864 sunt
1552 4797 1738 4880 praemium,
1768 4813 1852 4861 anno
1879 4795 2058 4864 MDXXCV

326 4899 442 4985 Aprilis
460 4897 564 4963 XXIX
582 4896 741 4963 Juridicae
762 4894 924 4963 facultatis
946 4897 1070 4965 decreto
1092 4916 1113 4965 a
1132 4897 1258 4980 Vultejo
1280 4903 1394 4965 auctus
1415 4901 1474 4966 cst
1515 4896 1632 4963 Postea
1654 4913 1727 4961 uero
1748 4894 1870 4977 Spiram
1892 4895 2057 4963 Nemetum

426 5070 450 5136 l)
469 5066 499 5120 lu
517 5064 651 5121 volumina
677 5063 834 5120 Casuellano
855 5070 983 5133 poemata
1001 5064 1130 5120 Fabronii
1156 5067 1309 5122 continents
1336 5066 1388 5121 boc
1420 5080 1592 5134 anagramma
1618 5064 1646 5118 in
1671 5062 1740 5118 Phil.
1763 5060 1931 5121 Mattianum
1954 5073 2057 5124 emma:

325 5152 418 5210 PlUll
435 5150 567 5220 PETAS,
591 5150 641 5208 UT
659 5150 773 5205 LAPIS.

390 5271 395 5282 ·
422 5240 449 5308 2)
468 5237 526 5292 Alii
543 5252 638 5293 versus
655 5236 684 5292 iu
700 5237 753 5293 rol.
772 5237 845 5293 cass.
864 5237 1057 5306 anagrammati
1076 5235 1217 5293 adduntur.

424 5325 449 5393 8)
468 5323 545 5381 serso
563 5322 673 5392 scripsit
689 5321 744 5379 Dil.

422 5412 449 5477 4)
467 5410 499 5465 In
517 5409 576 5465 cod.
596 5415 684 5465 emtat
702 5409 816 5465 literram.

422 5499 451 5561 bl
469 5496 527 5551 Hoc
545 5496 645 5552 lactum
670 5500 713 5551 est
734 5494 889 5565 Marpurgi,
919 5510 973 5566 quo
997 5493 1158 5551 Gocddaeus
1179 5513 1204 5552 a
1221 5494 1416 5552 leLXXVlll
1440 5495 1589 5553 rusiorum
1610 5495 1726 5551 numme
1751 5493 2003 5566 philosophicorum
2028 5504 2056 5553 et

325 5583 540 5652 theologicorum
558 5597 689 5637 caussae
707 5582 864 5638 contulerat.
1718 5614 1726 5624 «-

1846 5668 1888 5733 9*
