5409 7267
479 989 525 1059 62

480 1193 618 1261 secunda
643 1193 709 1275 jam
736 1190 804 1256 vice
829 1190 971 1256 Rectoris
999 1191 1186 1257 Academiae
1199 1192 1228 1273 ¹)
1254 1210 1367 1258 munus
1396 1192 1601 1273 obtinuisset,
1631 1209 1713 1257 anno
1735 1191 1885 1258 Moxxc
1910 1193 2007 1275 ipsius
2033 1193 2224 1259 Rectorem

480 1292 590 1359 statim
610 1291 702 1356 initio
718 1288 958 1371 Heidelbergam
975 1289 1017 1355 ad
1031 1291 1210 1371 primariam
1223 1292 1302 1375 juris
1316 1291 1541 1373 professionem
1555 1292 1588 1357 in
1601 1291 1703 1357 locum
1716 1291 1858 1375 Hugonis
1873 1292 1996 1358 Douelli
2012 1294 2183 1359 arcessitus
2194 1296 2225 1374 ²)

479 1413 532 1475 eo,
554 1391 676 1474 Copio
667 1411 700 1455 m
721 1390 847 1455 honoris
866 1390 968 1455 locum
988 1388 1136 1472 sunum,
1158 1391 1313 1465 concedit
1333 1410 1430 1475 quum
1449 1392 1614 1504 quinquies
1635 1392 1758 1458 anth.
1776 1391 1813 1457 U.
1829 1392 1984 1457 Doctores
2005 1393 2225 1458 renunciasset

479 1493 612 1576 publice.
654 1490 715 1557 Sed
737 1508 794 1554 nec
815 1487 1045 1573 Heidelbergae
1066 1490 1238 1556 admodum
1258 1491 1311 1556 diu
1333 1491 1473 1574 perstitit
1459 1490 1606 1556 tilam
1627 1509 1709 1556 anno
1732 1490 1843 1572 quinto
1864 1496 1937 1572 post
1957 1490 2167 1557 wormaciam
2189 1510 2225 1557 so

481 1589 629 1670 contulit,
651 1589 707 1655 ubi
728 1606 828 1671 usque
847 1589 890 1653 ad
911 1605 1026 1654 annum
1047 1588 1195 1656 MDXGV
1216 1597 1425 1656 commoratus
1446 1608 1573 1672 operam
1594 1608 1683 1656 suam
1702 1589 1889 1655 Academiae
1909 1590 2015 1655 Juliae
2036 1590 2200 1673 addixit,
2190 1611 2226 1656 m

481 1709 543 1773 qua
563 1689 762 1773 postmodum
779 1688 917 1753 omnium
931 1688 1126 1755 eruditorum
1141 1690 1330 1773 testimonio,
1351 1708 1423 1757 cnm
1436 1690 1615 1771 prudentia,
1635 1689 1786 1771 acumine,
1807 1694 1958 1754 venustat
1959 1696 2024 1755 eet
2040 1690 2227 1769 subtilitate,

483 1797 548 1856 tum
564 1808 640 1855 vero
654 1788 853 1870 eloquentia
873 1787 1027 1853 vanetate
1046 1794 1082 1854 et
1096 1789 1186 1871 copia
1199 1788 1290 1855 facile
1310 1790 1456 1871 princeps
1477 1790 1613 1871 eprima
1631 1788 1811 1853 cathedra
1798 1808 1852 1870 Jus
1867 1788 1974 1854 docuit
1993 1794 2091 1871 atque
2110 1789 2226 1858 ibidem

483 1889 565 1955 diem
587 1889 664 1953 obiit
686 1906 776 1953 suum
798 1886 920 1952 XXIIX
934 1886 1079 1954 Octobris
1099 1907 1182 1955 anuo
1195 1888 1356 1955 Mocnx
1382 1889 1430 1954 De
1445 1887 1612 1953 Valentino
1625 1888 1775 1954 Forstero
1795 1888 1910 1969 atejus
1928 1887 1993 1952 filio
2007 1888 2226 1971 Wittebergae

482 1989 660 2071 ingenioso,
681 1988 879 2053 Hermannus
897 1987 1087 2053 Fabronius:

965 2086 1106 2157 larmpree
1122 2084 1233 2142 euicto
1252 2086 1400 2141 Fdrsterus
1413 2084 1490 2152 juris
1508 2092 1534 2140 et
1551 2089 1634 2157 aequi

1000 2172 1115 2228 Floruit
1132 2174 1254 2243 muenia,
1265 2172 1370 2240 ‘floruit
1385 2172 1501 2240 eloquiis

966 2259 1052 2329 Inque
1075 2258 1219 2314 Valentino
1242 2258 1386 2313 Welbelmo
1399 2257 1477 2325 flora
1493 2258 1596 2311 recisit

1001 2346 1141 2412 Foreteri,
1157 2344 1196 2399 od
1212 2346 1307 2414 ripas,
1326 2343 1448 2400 &sonu
1464 2344 1550 2409 Aba,
1569 2349 1639 2398 tuus.

1120 2554 1372 2636 Hieronymus
1401 2554 1590 2621 Turlerns.

582 2691 750 2758 Miscensis
771 2690 821 2755 hic
835 2695 901 2771 est,
923 2689 1066 2756 Dresdac
1080 2695 1191 2770 natus,
1212 2690 1241 2755 J.
1254 2689 1294 2756 U.
1309 2690 1437 2770 Ductor,
1458 2691 1509 2756 cui
1523 2690 1649 2756 Peureri
1668 2690 1792 2773 quidem
1808 2691 2075 2757 commendatione
2092 2692 2223 2759 docendi

485 2792 644 2874 provincia
665 2790 724 2856 luit
737 2790 852 2870 delata,
872 2808 978 2855 verum
994 2807 1064 2854 cum
1078 2796 1171 2871 pacto
1185 2790 1338 2872 stipendio
1359 2789 1480 2855 MDLX
1501 2809 1583 2856 anuo
1604 2789 1719 2872 Aprilis
1734 2790 1855 2855 XXIIX
1877 2790 1908 2855 in
1930 2793 2066 2872 patriam
2084 2792 2224 2872 abiisset,

484 2897 519 2957 ut
541 2891 692 2974 supellect
678 2891 763 2955 tilem
785 2891 857 2955 inde
879 2890 1065 2971 adveheret
1092 2894 1216 2955 mutato
1244 2890 1390 2971 consilio,
1421 2907 1484 2955 nou
1504 2890 1597 2954 aliter
1617 2894 1711 2971 atque
1731 2888 1862 2971 Ulysses
1883 2889 2067 2957 Homericus
2088 2892 2223 2973 patriam

485 2991 747 3058 luculentissimae
769 2990 865 3056 cuivis
887 2990 964 3054 sorti
984 2991 1163 3070 anteposuit
1172 2988 1216 3072 ⁸).
1260 2989 1307 3054 De
1329 2989 1490 3054 eodemet
1476 2994 1617 3054 temore
1639 2988 1821 3071 patriaeH.
1845 2989 2015 3055 Fabronius

968 3089 1043 3143 Prae
1062 3089 1147 3143 Lauo
1167 3089 1232 3158 lepit
1250 3094 1399 3157 praecisum
1420 3087 1632 3142 Henuuudurus
1649 3088 1741 3142 Albim

1005 3173 1145 3239 Turierus,
1160 3174 1273 3243 patriae
1290 3174 1461 3242 composita
1466 3172 1478 3241 )
1495 3174 1585 3242 plano
1602 3189 1683 3227 suae:

971 3259 1052 3330 Quod
1069 3260 1095 3314 si
1112 3260 1174 3329 quis
1186 3259 1278 3329 suerit
1290 3259 1404 3329 petrice
1421 3257 1563 3313 dulcedine
1580 3258 1685 3326 duetus,

1002 3348 1132 3402 Euocat
1148 3350 1231 3401 actos
1243 3346 1343 3416 patric
1362 3361 1483 3415 quaeque
1498 3346 1605 3413 auos⁵).

1162 3556 1342 3622 Nicolaus
1371 3556 1552 3637 Vigelius.

583 3696 642 3762 Hic
664 3696 791 3760 natione
815 3693 947 3773 Hessos,
968 3692 1141 3757 Treiseusis
1156 3691 1270 3772 patria,
1289 3708 1386 3771 quum
1406 3690 1531 3771 ingenio
1553 3687 1721 3771 reperisset
1734 3692 1960 3775 Heidelbergae
1982 3695 2038 3768 sab
2058 3696 2224 3763 Francisco

487 3794 640 3861 Balduino
668 3794 853 3874 dignitatem
881 3793 913 3857 in
943 3792 1103 3857 Licentiae
1131 3789 1248 3871 gradu
1287 3807 1382 3870 quem
1410 3795 1540 3871 vocant,
1572 3791 1739 3856 collocatus
1765 3794 1978 3860 incredibilem
2004 3796 2163 3875 quandam
2192 3799 2226 3861 in

487 3894 622 3976 Legibus
645 3892 888 3975 interpretandis
920 3895 952 3955 ct
978 3890 1136 3971 aequitate
1165 3888 1350 3970 explicanda
1379 3888 1542 3954 scientiam
1565 3897 1778 3971 consequutus
1800 3898 1865 3975 cst,
1891 3899 1929 3959 ut
1948 3911 2015 3959 eam
2037 3911 2161 3976 quoque
2183 3897 2225 3960 cb

488 4010 632 4061 caussam
653 3991 767 4073 dignus
788 3989 914 4056 habitus
935 3988 1032 4054 fuerit
1051 3989 1100 4052 vel
1119 3988 1268 4068 maxime,
1299 3988 1348 4054 cui
1375 3988 1457 4052 inter
1484 3987 1734 4055 Jmisconsultos
1764 3991 1851 4057 locus
1880 3992 2105 4059 attribueretur
2132 4012 2226 4077 prae

489 4092 606 4175 cipuus.
648 4092 787 4172 Ideoque
808 4108 904 4172 quum
925 4107 1007 4154 anno
1030 4087 1150 4153 MDLX
1179 4087 1288 4153 Octob.
1308 4086 1398 4153 XVII
1419 4087 1460 4154 dc
1481 4105 1567 4153 more
1594 4097 1773 4170 perorasset
1793 4091 1934 4175 publice,
1965 4092 2094 4159 docendi
2113 4112 2227 4160 munus

489 4208 656 4274 aggressus
677 4194 736 4255 cst.
779 4190 868 4254 Anno
889 4207 963 4254 vero
984 4189 1186 4271 postmodum
1207 4186 1372 4252 MDLXIV
1393 4189 1434 4253 ad
1457 4188 1642 4253 altissimum
1661 4188 1788 4255 honoris
1808 4190 1942 4272 gradum
1962 4192 2002 4258 ab
2015 4191 2228 4276 Oldendorpio

489 4308 552 4357 una
571 4308 640 4355 cum
662 4287 804 4355 douram
825 4288 989 4354 Matthaeo
1011 4287 1130 4352 Doctor
1150 4287 1180 4352 J.
1201 4286 1239 4352 U.
1261 4286 1419 4353 salutatus
1440 4289 1588 4353 ascendit.
1633 4289 1701 4368 Quo
1722 4309 1805 4355 anno
1828 4290 1940 4356 Petrus
1961 4292 2107 4372 Paganus
2129 4294 2227 4375 ipsius

489 4388 601 4471 effigiei
623 4388 699 4455 haec
720 4388 851 4472 subjecit

980 4485 1079 4556 Vipelii
1092 4499 1184 4555 paroc
1201 4484 1251 4539 ereb
1267 4486 1386 4555 imcqiue
1403 4500 1503 4554 corpus
1520 4485 1687 4542 adumbrans

1007 4573 1118 4636 Pictor,
1135 4577 1166 4626 ct
1181 4572 1285 4641 iuqeuii
1301 4587 1358 4626 nou
1372 4573 1529 4641 penetravit
1547 4587 1619 4641 opes.

972 4658 1107 4727 Europae
1124 4656 1219 4711 mulus
1237 4656 1334 4711 etenim
1350 4658 1495 4711 nouerim
1514 4659 1603 4725 tersia

1011 4743 1065 4814 Qui
1083 4743 1180 4812 capiat
1197 4743 1293 4813 spado
1313 4741 1389 4797 donc
1407 4744 1508 4798 tabella
1525 4744 1620 4799 brebi?

972 4829 1089 4885 Auxilio
1108 4829 1228 4899 Sophiae
1242 4844 1296 4899 per
1312 4845 1414 4899 sparsa
1430 4831 1571 4885 volumina
1582 4831 1659 4900 juris

1007 4914 1053 4970 Ad
1069 4914 1224 4971 methodum
1238 4921 1327 4970 certus
1342 4922 1499 4985 praeparat
1515 4917 1563 4971 ille
1579 4920 1648 4973 aas.

973 5001 1015 5057 Et
1025 5002 1122 5069 foetus
1139 5002 1225 5056 auiui
1242 5002 1420 5057 umceutsbus
1437 5002 1564 5072 applicat
1580 5006 1663 5060 uude

1014 5087 1141 5143 Venturis
1157 5089 1250 5144 ciceeca
1268 5088 1381 5144 mulius
1397 5095 1479 5158 capue
1497 5090 1557 5144 eibi

974 5173 1033 5230 Neo
1049 5175 1140 5230 uuum
1155 5175 1313 5230 mutarem
1327 5175 1394 5242 sabi,
1413 5177 1439 5230 εἰ
1457 5181 1583 5245 temporo
1598 5183 1713 5232 mrem

1008 5260 1151 5330 buprobm
1169 5277 1252 5331 quau
1266 5261 1364 5317 muudi
1375 5262 1456 5331 falsu
1474 5263 1582 5318 theatra
1599 5265 1683 5333 sequ.

592 5371 620 5439 l)
639 5368 729 5425 Locus
745 5366 877 5437 imaginis.
896 5395 929 5406 -
955 5364 986 5436 2)
1003 5363 1069 5420 Cod
1088 5366 1242 5421 messibus.

593 5455 623 5526 3)
643 5454 705 5511 Non
722 5455 858 5525 protinus,
882 5451 932 5509 sed
952 5468 977 5508 a
995 5450 1141 5507 motxlv
1164 5451 1192 5507 in
1212 5452 1329 5522 patriam
1353 5451 1436 5508 rediit
1456 5451 1573 5509 testibus
1590 5452 1709 5509 Pistorio
1727 5454 1850 5527 aliisque.
1885 5459 1917 5515 ln
1934 5459 2021 5531 Albo,
2045 5458 2118 5517 unde
2133 5464 2227 5515 astera

494 5537 617 5597 desumto
636 5545 711 5611 sunt,
730 5537 840 5596 deeius
858 5539 980 5595 diseemu
997 5538 1066 5594 nihil
1082 5537 1226 5607 reperitur.

591 5628 621 5698 4)
639 5628 685 5684 Sic
707 5627 766 5683 cod
784 5626 936 5683 Fabronias
960 5626 1034 5697 lpse,
1064 5625 1142 5683 cuins
1165 5625 1283 5683 carmina
1311 5640 1392 5682 manu
1415 5625 1517 5695 scripta
1539 5625 1569 5682 in
1593 5624 1758 5683 bibliotheca
1783 5627 1940 5687 cassellum
1964 5635 2083 5700 exstant,
2115 5629 2227 5702 scripsit

493 5715 619 5784 compita
639 5744 671 5756 -
696 5714 726 5784 ὁ)
743 5713 833 5770 Locus
851 5711 984 5781 imaginis
