5409 7267
480 978 524 1048 18

600 1161 752 1228 MDXLII
780 1160 949 1244 Gaspms
976 1159 1160 1241 Rhodolpdn'
1189 1157 1440 1224 Oantstadicnsis
1469 1158 1550 1223 Dial.
1584 1158 1663 1240 proi.
1700 1163 1733 1224 et
1762 1158 1952 1241 Paedagogii
1981 1154 2126 1241 Ephorus
2164 1174 2221 1237 per

479 1281 593 1330 annum
614 1262 781 1343 integrum.
1259 1259 1264 1270 '

601 1359 772 1426 MDXLlII
793 1357 911 1425 Justus
930 1357 1092 1424 aaran
1111 1358 1147 1422 L.
1169 1357 1205 1423 L.
1228 1358 1265 1423 D.
1289 1361 1321 1422 et
1341 1356 1419 1438 proi.
1442 1355 1552 1423 Janus
1571 1357 1751 1424 (lanarius
1773 1358 1817 1424 M.
1839 1359 1877 1424 D.
1898 1359 2053 1442 physicus

601 1458 768 1525 MDXLIV
793 1457 836 1523 M.
864 1457 1021 1523 Nuculaus
1050 1456 1240 1523 Btectterus
1255 1460 1284 1537 ¹)
1315 1454 1606 1523 Schmalkaldianus
1640 1458 1721 1524 alias
1759 1458 1964 1525 Wntrimius
1997 1460 2057 1526 cal
2085 1459 2157 1525 Jan.
2189 1462 2222 1522 et

479 1561 622 1628 Joanaes
641 1558 838 1625 Dracanites
859 1554 1094 1622 Carolostadius
1116 1554 1224 1621 Theol.
1244 1554 1323 1637 prol.
1342 1561 1376 1621 et
1395 1555 1602 1622 Ecclesiastes
1626 1556 1862 1639 Marpurgensis
1883 1559 1941 1624 eal.
1961 1560 2061 1626 Julils.

602 1657 752 1724 MDXLV
773 1656 917 1722 Joaanes
931 1656 1111 1722 Ferrarius
1131 1656 1301 1721 Montanus
1320 1654 1349 1720 V
1369 1656 1487 1721 Rectar
1507 1661 1540 1721 ct
1560 1654 1704 1723 Joanues
1712 1656 1898 1741 Dryander.
1941 1658 2128 1742 'l'hcologiae
2147 1679 2222 1726 vero

479 1761 626 1826 Decanns
648 1756 792 1824 Joannes
806 1754 1010 1835 Dracoaites,
1032 1773 1052 1820 a
1072 1773 1135 1837 quo
1157 1754 1439 1821 intercurrentibus
1459 1755 1550 1821 annis
1572 1754 1613 1820 ad
1634 1774 1735 1839 usque
1748 1757 1835 1823 DLX
1854 1758 1987 1824 wando
2000 1758 2222 1826 fuitDccurio·

480 1863 584 1924 natm.
633 1856 712 1922 Post
739 1854 859 1921 obitum
884 1854 967 1920 enim
992 1854 1171 1920 Dracomtm
1200 1853 1335 1936 sigillum
1368 1854 1512 1935 pervenit
1541 1855 1583 1920 ad
1611 1854 1766 1921 Adnmum
1793 1854 1978 1937 manem,
2017 1860 2103 1941 apud
2130 1878 2223 1943 quern

480 1956 631 2024 remansit
652 1973 752 2037 usque
772 1953 814 2019 ad
832 1954 932 2036 ipsius
951 1953 1087 2035 exitum,
1114 1954 1205 2020 annis
1223 1953 1328 2019 XXIV
1347 1951 1482 2020 durante
1502 1953 1557 2019 illa
1578 1955 1769 2036 cessatione,
1802 1956 1889 2037 qnod
1909 1956 2074 2024 admodum
2099 1957 2223 2027 difficile

480 2056 631 2140 imprimis
650 2054 723 2119 novi
741 2052 902 2135 Gannasii
922 2052 1094 2119 mantibus.

603 2148 2222 2237 MfflffimmMmfflmmmmfflmmwwm.

483 2254 575 2321 Juiis
595 2253 748 2319 Andreas
766 2250 933 2335 Hyperdus
954 2248 1062 2316 Theol.
1084 2248 1243 2333 professor
1262 2253 1296 2316 et

605 2349 786 2417 MDXLVII
799 2348 943 2417 Joannes
959 2348 1140 2415 Lersnerus
1154 2348 1275 2416 Hessus
1289 2346 1403 2413 Pontii.
1415 2348 1624 2431 casuraque
1633 2350 1719 2416 duris
1729 2350 1780 2433 D,
1794 2352 1897 2419 Instit.
1911 2354 1993 2421 Prot
2014 2361 2047 2421 et
2058 2356 2226 2423 Dicasterii

482 2452 574 2519 Hass.
597 2467 738 2516 assessor
756 2467 813 2534 per
834 2449 991 2531 integrum
1012 2466 1140 2517 annum.

606 2548 787 2624 MDanx
818 2547 963 2618 Joaanes
985 2546 1165 2632 Dryander
1185 2546 1210 2612 V
1239 2548 1354 2615 Rector
1379 2547 1436 2615 cul.
1460 2546 1531 2614 Jan.
1560 2554 1591 2613 et
1616 2546 1814 2619 heobaldus
1837 2549 2029 2619 sanatus
2057 2554 2225 2622 Billicanus

483 2650 512 2717 J.
534 2649 572 2715 U.
593 2647 672 2732 prof.
695 2646 820 2715 dicendi
839 2645 992 2728 Magister
1011 2647 1069 2713 cal.
1090 2646 1153 2713 Jul.

603 2747 771 2813 MDXLIX
792 2746 945 2814 Andreas
967 2746 1135 2829 Hyperius
1162 2744 1270 2812 Theol.
1299 2745 1379 2827 prot.
1407 2751 1441 2811 et
1461 2744 1605 2812 Joannes
1627 2745 1807 2817 Ferrarius
1837 2748 2007 2817 Montanus
2032 2752 2062 2822 J.
2086 2752 2123 2818 D.
2145 2755 2227 2820 Aac·

482 2849 601 2915 demine
622 2844 904 2913 vicecancellarius
923 2845 968 2911 VI
988 2846 1113 2912 Rector.

606 2945 696 3012 MDL
724 2945 902 3028 Votauc‘nus
928 2944 1072 3034 Vipelc‘us
1094 2944 1297 3016 Wetteranus
1318 2943 1401 3013 Med.
1423 2944 1461 3010 D.
1481 2942 1663 3012 Matheseos
1681 2945 1761 3028 prof.
1783 2952 1816 3016 et
1843 2947 2022 3034 Wupandus
2043 2951 2227 3034 Happele'us

482 3044 730 3128 Marpnrgensls,
752 3042 832 3108 Heb.
855 3042 929 3125 ling.
951 3043 1029 3125 prof.

604 3143 711 3212 MDLI
748 3142 906 3225 Wuaando
940 3142 1081 3226 Hapetto
1118 3146 1309 3227 prorogatus
1338 3142 1525 3209 Rectaratm
1560 3141 1601 3207 ad
1631 3143 1697 3212 cal.
1725 3144 1842 3226 Julius,
1879 3148 1994 3229 quibus
2023 3149 2053 3215 ei
2081 3152 2230 3216 successit

485 3242 629 3311 domares
649 3242 829 3308 Ferrarius
848 3240 909 3307 VII
928 3241 1045 3307 Rector
1066 3259 1086 3306 a
1107 3239 1172 3307 Gal.
1196 3239 1262 3306 Jul.
1283 3258 1383 3323 usque
1405 3241 1447 3306 ad
1467 3240 1533 3307 dal.
1556 3242 1630 3309 Jan.

607 3341 730 3408 MDLII
756 3340 900 3408 Joannes
925 3340 1104 3424 Dryander
1132 3341 1176 3407 VI
1203 3340 1240 3407 R.
1267 3346 1300 3406 et
1329 3340 1517 3408 Matthaeus
1544 3341 1767 3426 Patoeapelta
1794 3343 1916 3410 nasus
1950 3352 2010 3411 art.
2046 3346 2087 3412 ld.
2117 3348 2227 3430 philos

485 3442 614 3510 moralis
634 3439 766 3526 profess.
787 3440 900 3526 primo.

607 3540 747 3607 unum
774 3540 1014 3623 Ptdocapellae
1041 3545 1215 3607 rectoratus
1241 3539 1450 3623 prolongatus
1476 3541 1519 3606 ad
1548 3538 1669 3607 Julium
1698 3557 1850 3623 mensem,
1881 3558 1943 3623 qno
1972 3544 2004 3608 in
2032 3544 2099 3627 ejus
2126 3545 2228 3611 locum

485 3644 671 3724 surrogatus
693 3638 842 3710 Adamas
865 3638 965 3708 Orate
985 3640 1150 3724 Inspector
1171 3639 1384 3707 Ecclesiamm
1403 3637 1552 3722 Hessius,
1578 3658 1649 3706 cum
1670 3637 1909 3722 Oldenderaius
1928 3640 2128 3709 Reformator
2148 3645 2229 3709 Acc-

486 3738 606 3806 dcmluo
625 3739 876 3804 constitueretur.
1778 3768 1783 3778 ·

609 3835 746 3907 MDLIV
768 3834 912 3908 Joaunes
932 3835 1112 3908 Ferrarius
1133 3835 1194 3904 ΠΧ
1215 3836 1253 3902 R.
1274 3840 1308 3900 et
1327 3834 1471 3903 Joannes
1493 3834 1673 3920 Dryander
1692 3836 1760 3903 vn.

609 3934 730 4002 MDLV
743 3933 888 4002 Journes
903 3931 1143 4018 Oldendorpu'ue
1155 3934 1251 4017 solus,
1270 3933 1318 4000 uti
1330 3938 1364 3999 et
1375 3951 1483 4000 omnes
1495 3933 1561 4000 iere
1575 3934 1785 4020 insequentes,
1798 3954 1837 4002 er
1850 3954 1983 4022 quornm
1997 3957 2126 4007 numero
2139 3942 2229 4009 Anno

610 4032 747 4100 MDLVI
764 4031 810 4100 ld.
833 4030 978 4106 docatus
997 4033 1173 4109 Lontcerus
1195 4032 1335 4106 Graecas
1353 4032 1446 4118 Llng.
1467 4038 1502 4100 et
1519 4032 1626 4100 Theol.
1648 4032 1815 4120 professor.

613 4132 765 4202 manvu
787 4132 932 4201 Joanncs
951 4132 1130 4202 Ferrarius
1149 4133 1196 4199 IX
1215 4133 1291 4217 mcc,

611 4232 764 4298 MDLIIX
792 4232 972 4316 Wnaandus
986 4232 1171 4316 Happelius
1192 4232 1265 4300 LL.
1280 4233 1371 4298 Doct.
1395 4236 1429 4297 et
1443 4230 1538 4298 Hebr.
1557 4232 1646 4314 Llng.
1664 4230 1831 4320 professor,
1852 4235 1941 4320 111³)
1962 4237 2028 4304 vice
2040 4238 2076 4307 a
2095 4240 2150 4303 cal.
2164 4240 2229 4323 jan.

612 4331 751 4400 MDLIX
773 4331 1045 4404 Bartholomaeus
1066 4332 1181 4416 Meyer
1202 4337 1262 4397 art.
1284 4331 1327 4397 M.
1350 4331 1459 4398 sedin
1481 4332 1550 4414 ejus
1569 4348 1643 4396 mox
1661 4330 1765 4399 locum
1778 4332 1963 4420 Happdius
1982 4335 2026 4407 ad
2048 4337 2113 4405 Gal.
2132 4356 2231 4421 usque

489 4432 581 4515 Julii,
610 4437 644 4498 et
673 4430 714 4498 ab
742 4430 792 4496 his
813 4429 957 4497 Joaanes
978 4429 1217 4518 Oldendorpr'us
1245 4431 1285 4498 ud
1313 4429 1495 4497 altoltus
1522 4430 1597 4495 anni
1622 4428 1762 4520 MDLX,
1782 4451 1845 4515 quo
1873 4452 1956 4501 anno
1983 4435 2169 4506 Ronanus
2197 4445 2231 4504 et

489 4531 668 4599 Decemtus
681 4534 852 4620 coeperunt
865 4546 934 4600 esse
948 4530 1054 4612 annui,
1068 4547 1087 4594 a
1101 4529 1246 4598 calendis
1262 4528 1408 4595 videlicet
1420 4527 1442 4595 J
1442 4528 1498 4595 ulli
1510 4547 1609 4612 usqne
1621 4529 1661 4596 ad
1675 4528 1829 4601 calendas
1841 4533 1863 4601 J
1863 4532 1918 4602 ulii
1931 4533 2005 4604 anni
2018 4536 2176 4623 sequentis
2190 4542 2227 4618 ⁸).

613 4628 733 4695 MDLX
755 4628 853 4711 igitur
870 4645 954 4695 anno
971 4627 1016 4698 M.
1040 4625 1233 4702 &cunradus
1256 4628 1446 4702 Matthaeus
1466 4628 1677 4695 Alsieldlenus
1697 4630 1827 4698 Rhetor.

613 4727 749 4798 notul
769 4726 923 4794 Andreas
943 4727 1111 4814 Hyperide
1133 4727 1229 4794 tertia
1248 4728 1324 4810 dos,

610 4826 764 4893 MDLXII
783 4825 928 4893 Joannes
949 4823 1186 4908 Oldendorpius
1204 4825 1258 4907 IV,

613 4924 781 5000 nonunt
802 4925 946 5000 doanuer
965 4925 1142 4994 aaran
1161 4924 1215 5005 IV,

613 5023 779 5090 MDLXIV
805 5023 986 5108 erandus
1009 5022 1193 5113 Happettus
1209 5021 1330 5096 &aas
1349 5024 1429 5112 prol
1451 5022 1504 5091 IV.
1527 5023 1594 5095 vioe
1615 5025 1651 5096 B.

613 5122 762 5190 MDLXV
783 5121 978 5190 &cunradus
1001 5121 1189 5190 Matthaeus
1213 5122 1300 5191 Orat.
1321 5122 1402 5206 prof.

596 5364 624 5434 1)
643 5363 675 5419 In
694 5363 765 5419 Albo
783 5370 826 5419 ert
843 5362 1007 5422 Plestinus.

593 5449 624 5519 2)
639 5448 694 5509 ou
713 5448 822 5517 aaut
833 5447 989 5511 lsstlum

594 5533 1025 5606 mmmmmmd

597 5619 628 5686 4)
647 5617 780 5688 Quodn.
800 5619 829 5677 (t.
848 5621 1242 5688 mensurnam
1260 5626 1337 5687 retr.
1357 5627 1406 5688 tu
1429 5644 1456 5698 a.
1478 5629 1573 5690 uns
1594 5630 2080 5693 emmaum-otuu
2104 5632 2194 5693 aar
