5409 7267
1077 1133 1237 1198 Adamas
1265 1130 1380 1197 Grato
1407 1129 1618 1196 Fuldensis.

603 1298 727 1365 Primus
747 1297 881 1363 Hassiac
909 1301 981 1379 post
1001 1296 1084 1361 ritus
1104 1293 1340 1361 Ecclesiasticos
1367 1311 1387 1357 a
1407 1290 1573 1357 Pontificio
1602 1290 1755 1356 fermento
1784 1299 1969 1375 repurgatas
1996 1295 2224 1381 Antistitas¹)‚

479 1397 755 1479 Ecclesiarumqne
765 1396 991 1462 Hassiacarum
1002 1393 1041 1459 ad
1056 1394 1179 1459 Larium
1193 1392 1354 1475 episcopus
1368 1396 1401 1456 et
1413 1390 1573 1456 Professor
1581 1389 1769 1471 Theologiae
1781 1390 2020 1475 Marpurgensis
2036 1397 2225 1462 Academiae

480 1497 589 1580 primia
598 1497 629 1579 ¹)
657 1496 847 1562 constitutus
875 1498 925 1559 cst
949 1493 1050 1572 inter,
1078 1490 1169 1557 homo
1196 1508 1261 1556 non
1289 1490 1434 1556 doctrina
1454 1490 1571 1570 solum,
1597 1507 1707 1555 verum
1734 1495 1768 1554 et
1787 1489 1976 1558 Christianis
1998 1494 2167 1560 virtutibns
2186 1513 2225 1560 ac

480 1594 665 1679 praesertim
683 1592 845 1674 modestia,
866 1592 1077 1673 temperantia
1095 1595 1129 1655 et
1150 1588 1307 1655 charitate
1326 1590 1360 1654 in
1381 1606 1535 1670 pauperes
1546 1588 1687 1670 insignis.
1730 1589 1933 1657 Rectoratum
1946 1596 1997 1657 ter
2010 1592 2043 1657 in
2056 1594 2225 1659 Academia

480 1694 580 1776 gessit
599 1692 776 1775 etquidem
795 1690 931 1773 primum
953 1694 1028 1772 post
1049 1687 1205 1753 loannem
1223 1687 1406 1753 Ferrarium
1425 1687 1613 1752 Montanum
1635 1704 1717 1751 anno
1734 1686 1913 1770 mxxix,
1935 1707 1997 1772 qno
2018 1690 2181 1773 Philippus
2193 1693 2224 1775 ⁸)

480 1793 656 1859 Hessorum
665 1792 815 1873 Princeps
835 1789 958 1870 legibus
976 1792 1010 1856 et
1028 1787 1202 1870 privilegiis
1216 1804 1275 1852 cen
1287 1786 1454 1853 sanctioris
1467 1785 1629 1869 cujusdam
1642 1787 1883 1854 necessitudinis
1895 1790 2025 1856 vinculis
2040 1792 2224 1857 arctissimis

480 1892 681 1958 Academiam
701 1890 859 1956 astrinxit.
893 1887 955 1955 Sed
977 1905 1047 1953 cuin
1068 1886 1181 1951 adres
1194 1884 1432 1951 Ecclesiasticas
1453 1902 1509 1966 pro
1531 1885 1669 1950 muneris
1690 1886 1812 1951 ratione
1832 1887 2044 1968 inspiciendas
2058 1890 2091 1955 in
2109 1908 2225 1971 agrum

481 1990 524 2057 ad
540 1991 663 2057 Lanam
678 2006 843 2055 excurrere
856 1991 1021 2068 cogeretm
1044 1985 1178 2067 saepius,
1197 1984 1334 2052 secundo
1348 1985 1465 2050 Rector
1486 1982 1669 2065 designatus
1690 1984 1777 2050 vices
1798 2002 1872 2051 suas
1881 1986 2061 2053 Reinhardo
2076 1988 2224 2054 Lorichio

480 2089 622 2157 tradidit.
665 2088 752 2154 Obiit
763 2105 845 2154 anno
856 2084 1009 2151 MDLIIX
1022 2101 1105 2148 nono
1126 2082 1320 2165 Septembris
1337 2084 1388 2148 die
1409 2100 1505 2165 quum
1517 2081 1665 2147 Ecclesiis
1679 2082 1841 2150 Hassiacis
1857 2084 1947 2150 initio
1963 2086 2183 2153 relucescentis
2193 2089 2225 2171 ⁴)

479 2205 574 2255 rarae
594 2186 761 2271 Evangelii
791 2186 956 2252 doctrhiae
984 2182 1017 2249 in
1048 2182 1159 2248 eadem
1187 2182 1407 2248 annuntianda
1427 2182 1540 2248 fortem
1562 2187 1596 2246 et
1615 2179 1738 2246 fidelem
1763 2200 1894 2265 prorsus
1915 2187 2064 2251 navasset
2088 2203 2226 2268 operam,

480 2292 578 2369 stone
605 2286 652 2353 XI
671 2288 759 2368 Sept.
788 2284 838 2350 die
869 2283 962 2366 juxta
989 2280 1171 2347 cathedram
1200 2281 1309 2364 templi
1337 2279 1527 2346 cathedralis
1545 2281 1688 2363 sepultus
1710 2287 1774 2363 est,
1809 2282 1986 2350 contionem
2020 2283 2158 2351 habente
2184 2285 2223 2351 D.

480 2384 632 2469 Rcdlngo.
675 2384 724 2451 De
744 2401 807 2466 quo
826 2384 973 2464 Paganus

972 2478 1077 2549 Vspsts‘i
1093 2493 1203 2534 cassans
1218 2479 1333 2545 valam,
1344 2479 1395 2548 pic
1411 2478 1505 2543 tactor,
1522 2474 1626 2531 Adoni

999 2564 1089 2621 Dulce
1106 2562 1189 2621 ὼοιω
1205 2564 1288 2631 sabi,
1302 2562 1531 2634 amissamque
1547 2560 1632 2620 videa

965 2649 1074 2720 Populi
1088 2649 1174 2719 pulso
1192 2650 1243 2708 tus
1259 2650 1326 2707 base
1338 2649 1469 2720 fulgebat
1482 2646 1601 2714 adano,

1001 2733 1069 2791 Oasis
1086 2739 1219 2805 streperet
1236 2735 1314 2792 bellis
1330 2735 1438 2791 metica
1457 2733 1539 2789 turbo
1555 2732 1643 2788 sosia

966 2820 1058 2878 Iasas't
1075 2824 1101 2878 st
1116 2819 1272 2877 Hassiocas
1283 2820 1346 2890 jam
1358 2819 1485 2892 pluriora
1502 2818 1592 2873 larba
1606 2832 1660 2889 per
1678 2831 1743 2872 oras

999 2904 1130 2961 Nominis
1148 2904 1186 2960 ad
1204 2905 1300 2963 laudes
1317 2906 1420 2977 optimc
1440 2903 1547 2960 carba
1564 2904 1615 2971 tasi,

964 2989 1127 3045 deducam
1144 2988 1230 3047 donec
1243 2990 1357 3063 placido
1372 2996 1518 3046 revocatas
1537 2988 1576 3045 sd
1592 2988 1687 3045 salsas

999 3076 1103 3132 Actori
1118 3076 1203 3133 solvit
1218 3076 1312 3132 debito
1324 3091 1416 3148 passa
1432 3090 1493 3131 aiio.

966 3161 1058 3231 Atque
1073 3161 1182 3217 otim
1199 3161 1269 3218 tolca
1280 3161 1358 3231 salia
1373 3161 1454 3230 ferat
1469 3175 1543 3216 aura
1559 3159 1709 3227 mimicos,

1000 3245 1099 3315 Aequa
1116 3247 1215 3317 picibus
1231 3246 1306 3306 sabi
1323 3261 1394 3305 curo
1408 3247 1447 3304 sit
1464 3251 1547 3317 algas
1561 3245 1661 3317 gregia

970 3522 1216 3594 Sebastianus
1243 3528 1443 3611 Augustus
1466 3524 1740 3606 Noutzenus³).

603 3680 739 3751 Sanctae
765 3681 893 3765 hugues
913 3683 1093 3769 Professor,
1117 3688 1283 3772 Saitingae
1312 3689 1444 3773 oppido,
1471 3687 1556 3772 qnod
1575 3685 1745 3753 Flandriae
1771 3683 1869 3751 veluti
1896 3686 2141 3766 promontorium
2168 3690 2228 3768 est,

482 3778 594 3846 imm
618 3798 699 3846 anno
721 3780 838 3861 Aprilis
859 3780 968 3847 XXllI
996 3788 1090 3849 natus
1117 3785 1199 3850 circa
1220 3804 1400 3868 vesperam,
1426 3790 1499 3868 post
1526 3784 1629 3866 prima
1659 3782 1836 3848 studiorum
1864 3783 1898 3848 in
1925 3784 2030 3867 patria
2051 3785 2111 3851 sub
2131 3785 2227 3851 lusto

483 3878 620 3960 quodam
645 3883 678 3943 et
699 3878 846 3959 Spintero
875 3881 1131 3962 praeceptoribus
1161 3884 1314 3967 tyrocinia
1340 3883 1445 3968 posita
1466 3881 1670 3947 Waritschoti
1696 3882 1824 3965 linguae
1841 3881 1976 3948 Latinae
1996 3890 2166 3966 praecepta
2186 3884 2228 3950 ab

484 3976 648 4043 Hadriano
662 3976 828 4043 Matthaso
851 3976 967 4044 didicit
1011 3979 1112 4057 Quum
1133 3981 1230 4063 igitur
1247 3982 1297 4050 his
1316 3982 1441 4062 artibus
1461 3981 1594 4048 infectus
1613 3989 1704 4048 tener
1722 3980 1765 4046 ad
1787 3981 1907 4063 majora
1921 3982 2059 4048 venisset
2075 3983 2229 4065 paratior,

484 4075 557 4141 hinc
577 4076 748 4141 Lovaninm
768 4076 976 4158 commigrans
997 4078 1030 4143 in
1050 4079 1165 4148 Lilium
1184 4080 1393 4152 Flmdrorum
1406 4081 1435 4163 ⁸)
1462 4080 1643 4163 collegium,
1672 4080 1755 4164 quod
1782 4080 1959 4145 incoluerat
1979 4080 2076 4145 etiam
2096 4097 2229 4162 magnus

485 4175 539 4242 ille
560 4175 797 4256 Roterodamns,
815 4177 1028 4258 praeceptoris
1049 4178 1097 4243 sui
1117 4179 1269 4248 flamiam
1290 4180 1524 4261 authoritate')
1543 4180 1693 4263 iussuque
1712 4178 1832 4259 recepit
1852 4196 1930 4259 sese,
1957 4178 2011 4244 ubi
2031 4179 2228 4246 doctissimos
2247 4229 2252 4236 .

485 4274 607 4340 audivit
618 4274 703 4340 viros
711 4274 865 4340 loannem
876 4274 1027 4341 Graecum
1040 4276 1228 4361 Berganum,
1248 4278 1429 4345 Michaelem
1444 4277 1653 4359 Gasletannm,
1674 4276 1803 4343 Petrum
1818 4277 2034 4358 Oortraceum,
2054 4277 2229 4344 Adrianum

485 4372 682 4438 Matthaeum
700 4377 733 4437 et
761 4371 938 4439 Cornelium
960 4374 1156 4459 Wartenum,
1182 4382 1369 4460 tantumque
1395 4378 1429 4442 in
1458 4377 1575 4459 optimo
1605 4393 1719 4457 genem
1739 4375 1962 4457 Philosophiae
1990 4378 2161 4458 processit,
2191 4381 2230 4442 ut

485 4471 661 4553 Magisterii
680 4488 743 4536 nna
764 4489 833 4536 cum
854 4471 925 4537 aliis
945 4478 1069 4542 centum
1086 4476 1313 4562 quinquaginta
1330 4475 1482 4544 studiosis
1504 4493 1585 4540 anno
1600 4473 1656 4541 ch.
1670 4474 1795 4540 MDllll
1812 4474 1978 4539 decoratus
1998 4474 2112 4540 ibidem
2130 4473 2229 4540 fucrit

485 4570 578 4637 titulo
605 4574 638 4636 et
671 4570 705 4634 in
732 4569 844 4637 Lilano
881 4571 1011 4653 mllegio
1039 4572 1195 4641 Ciceronis
1224 4576 1384 4659 Epistolas
1419 4578 1452 4639 et
1481 4573 1605 4655 Virgilii
1633 4573 1773 4639 Aeneida
1805 4572 2045 4639 adolescentulis
2076 4591 2229 4640 enarrare

487 4668 622 4754 eoeperit
640 4667 806 4751 primariis.
854 4668 994 4738 Hortatu
1021 4670 1134 4741 ddnde
1156 4672 1288 4743 Joannis
1308 4674 1419 4739 Naevii
1439 4672 1584 4739 Gandavi
1604 4672 1638 4737 in
1659 4690 1729 4737 eam
1749 4672 1904 4737 rationem
1925 4670 2086 4753 ingressus
2113 4679 2173 4755 est,
2192 4676 2230 4739 ut

485 4766 528 4834 ad
556 4765 782 4836 humanitatem
806 4764 1048 4838 informaretur
1075 4771 1205 4842 aedibus
1227 4772 1362 4841 Gerardi
1385 4771 1579 4842 scholasticis
1606 4769 1726 4840 nobiles
1752 4768 1873 4856 abquct
1902 4788 2029 4857 pueros.
2071 4770 2134 4839 Sed
2156 4789 2229 4840 cum

590 4994 619 5064 1)
636 4993 682 5049 Sic
701 4992 811 5063 scripsit
827 4995 883 5055 Dil.

590 5078 620 5149 ὓ)
638 5079 683 5135 Sis
699 5079 764 5149 nii,
783 5080 857 5149 qnod
875 5081 971 5139 iilam.
989 5087 1101 5142 mutavit
1117 5086 1146 5141 hi
1161 5088 1277 5157 passos.

589 5165 620 5233 3)
637 5164 705 5220 Post
721 5166 836 5235 primam
853 5167 935 5225 huius
952 5169 1029 5225 verbi
1046 5172 1178 5241 syllabam
1195 5174 1301 5231 inserta
1319 5180 1362 5231 est
1378 5176 1467 5245 imago
1487 5175 1620 5234 Cratonis.

588 5249 619 5319 4)
637 5249 690 5320 Sic,
708 5266 763 5304 non
778 5251 931 5321 relucentis,
948 5253 1021 5324 quod
1041 5256 1093 5311 Pil.
1112 5258 1204 5314 habet

589 5336 620 5400 ll)
637 5334 717 5390 Hanc
735 5335 828 5391 omisit
844 5336 952 5410 Titani,
977 5344 1008 5395 at
1022 5339 1050 5395 in
1067 5341 1293 5413 philosophorum
1308 5344 1399 5414 potius
1415 5357 1556 5401 nnmerum
1575 5345 1698 5401 retunt
1734 5342 1826 5401 Vitam
1842 5340 1979 5398 Noumsni
1997 5344 2061 5396 anta
2077 5339 2227 5398 Dilichium

487 5418 597 5491 scripsit
614 5418 751 5476 Gerendus
769 5422 962 5481 Geldsnhauer
975 5442 1030 5483 una
1048 5443 1109 5484 cnm
1127 5428 1214 5499 ipsius
1232 5429 1289 5486 rita
1306 5428 1449 5498 Marpurgi
1466 5444 1488 5486 a.
1506 5445 1531 5486 a
1549 5430 1656 5486 editam.

589 5505 620 5575 6)
639 5504 704 5560 Cod
723 5506 905 5564 Modoura

590 5589 729 5659 libosus
747 5591 878 5661 imaginis.
