5409 7267
747 1111 856 1167 Doctor
873 1112 997 1167 Joauues
1012 1114 1108 1182 superi
1127 1112 1280 1167 Louicerus
1293 1112 1417 1176 bononis,

782 1197 1008 1268 Idspssorumque
1026 1197 1107 1253 decus
1124 1198 1246 1253 canitia
1263 1212 1321 1253 ecce
1339 1198 1431 1252 niues

749 1281 833 1338 Hunc
841 1284 937 1340 ecbola
943 1300 997 1354 per
1006 1284 1107 1339 multos
1114 1288 1245 1339 anurnio
1254 1288 1295 1338 est
1301 1282 1410 1338 Bassia
1420 1296 1527 1345 messes,

781 1368 909 1424 Elatum
925 1371 1050 1440 sequitur
1067 1385 1145 1440 quern
1161 1368 1243 1424 modo
1256 1368 1320 1438 fido
1338 1368 1440 1423 duces.

747 1453 788 1507 At
803 1458 834 1509 tu
849 1455 990 1510 elenenses
1003 1456 1118 1525 patriae
1135 1454 1288 1510 scindite
1305 1469 1405 1509 names

782 1539 980 1610 Pastorenque
998 1542 1041 1596 tui
1060 1539 1166 1596 bbriste
1184 1547 1260 1595 tuere
1275 1539 1374 1611 propia.

360 1623 505 1705 Vultejus
528 1628 633 1688 antem
654 1623 693 1687 de
715 1624 812 1706 ipsius
833 1626 937 1692 obitu:

749 1723 808 1779 Hic
825 1725 935 1795 tisipuce
953 1724 1089 1795 Solprnae,
1107 1724 1238 1793 Graecae,
1257 1725 1412 1795 Latiaeque
1428 1723 1583 1795 professor,

783 1810 915 1866 Numinis
929 1812 1066 1879 interpres
1080 1816 1149 1881 post
1165 1827 1218 1866 suu
1230 1811 1299 1880 fato
1310 1811 1394 1879 jacet.

749 1894 848 1952 Sancte
865 1897 971 1966 quiesce
988 1912 1079 1963 sacca,
1096 1912 1244 1952 oumuoso
1258 1898 1337 1967 prole
1353 1898 1430 1952 beate

785 1983 844 2037 Nec
860 1983 951 2038 miuus
969 1983 1073 2038 eximio
1087 1983 1169 2052 prote
1185 1983 1262 2038 beate
1281 1998 1371 2038 scaea

751 2068 817 2138 Ipse
835 2066 932 2123 doctus
948 2083 1019 2134 aas,
1037 2074 1064 2123 et
1081 2067 1178 2124 doctos
1191 2074 1260 2138 post
1278 2074 1328 2124 tua
1345 2074 1429 2125 notos

786 2153 899 2208 Remea
916 2153 1031 2223 lauba,
1045 2154 1252 2224 persimilesque
1271 2155 1329 2211 tibi.

753 2238 808 2308 Qui
820 2240 928 2308 partim
946 2239 1055 2309 templis
1070 2246 1212 2309 praesunt,
1230 2242 1372 2310 sacrisque
1389 2239 1526 2306 docendis,

785 2324 966 2394 Principibus
979 2326 1088 2396 partim
1104 2325 1174 2381 dont
1189 2341 1274 2395 prore
1291 2327 1444 2381 canalium.

752 2408 822 2465 sane
839 2416 866 2465 et
881 2410 1032 2480 Apollinea
1050 2412 1099 2479 qui
1118 2410 1252 2481 lcnpuido
1266 2427 1388 2482 corporo
1405 2410 1506 2466 &aaa

786 2495 953 2563 Resbtmut
970 2501 1080 2566 pause
1090 2511 1162 2565 pora
1180 2512 1287 2566 quoque
1303 2502 1413 2566 sceptro
1430 2495 1546 2552 subolae.

753 2579 819 2635 Cum
838 2586 879 2636 tot
895 2581 926 2635 iu
941 2581 1052 2649 inprobo
1070 2581 1226 2637 oldradus
1242 2582 1348 2637 lumina
1364 2580 1466 2636 mundo

786 2665 925 2735 quueris,
944 2666 975 2721 iu
992 2666 1114 2722 Domino
1131 2673 1224 2723 cauete
1241 2669 1347 2738 quiesce
1365 2682 1455 2722 senen.

365 2761 396 2819 et
414 2751 558 2834 Nigidius
579 2754 655 2818 haee

757 2847 795 2905 Ut
810 2861 874 2903 nero
889 2848 1033 2918 placidam
1047 2847 1156 2905 studuit
1174 2848 1317 2905 deducere
1335 2851 1429 2915 citam,

787 2933 833 2989 Sic
850 2934 942 2990 instar
959 2937 1048 2990 somni
1063 2950 1138 2990 mors
1156 2950 1263 3005 quoque
1279 2935 1348 2990 lenis
1366 2939 1433 2989 erut

753 3018 881 3073 &editur
898 3020 1034 3076 eutimius
1049 3034 1116 3075 moa
1130 3020 1285 3088 suffocante
1302 3020 1443 3085 cownbo,

792 3104 828 3159 Ut
840 3105 907 3173 sato
927 3104 1036 3160 taudem
1054 3120 1128 3159 mors
1145 3120 1198 3160 aaa
1216 3120 1346 3174 wensqrce
1362 3110 1461 3159 mouet

753 3188 810 3245 llic
824 3191 943 3245 menses
960 3196 1071 3246 scaros
1088 3190 1236 3260 hetruseis
1253 3189 1401 3259 madefecit
1419 3187 1525 3253 ocellos,

787 3275 916 3331 Perdidit
932 3276 986 3331 beu
1001 3292 1096 3332 emam
1114 3291 1197 3346 quom
1214 3276 1310 3333 sebolc
1326 3280 1424 3331 nostro
1434 3274 1537 3342 jubar!

1024 3537 1192 3604 loannes
1219 3538 1450 3603 Draconites

1116 3665 1143 3721 S.
1162 3666 1256 3722 Theoi,
1279 3667 1312 3721 D.
1329 3670 1362 3735 ¹).

490 3810 624 3876 Natione
642 3812 793 3893 Francus,
815 3814 920 3894 patria
942 3812 1185 3896 Oarolostadius,
1207 3831 1303 3896 quum
1323 3814 1436 3897 patriis
1457 3814 1490 3879 in
1512 3812 1625 3879 scholis
1646 3814 1750 3894 prima
1770 3812 1934 3878 litermum
1955 3813 2113 3879 elementa

366 3906 556 3992 imbibisset,
586 3915 624 3975 ut
655 3914 744 3976 tanto
763 3912 884 3993 majora
905 3911 1066 3979 doctrinae
1086 3917 1254 3994 quaereret
1275 3917 1309 3979 et
1338 3912 1499 3994 colligeret
1519 3911 1580 3977 sibi
1599 3910 1799 3994 adjumenta,
1827 3910 2008 3977 Erfurdiam
2029 3929 2112 3978 eam·

365 4009 502 4091 migrans
524 4013 663 4075 aetatem
687 4010 855 4091 iuvenilem
882 4010 916 4076 iu
937 4011 1053 4077 studiis
1072 4012 1237 4078 durarum
1261 4012 1500 4078 humanioribus
1528 4010 1678 4079 contrivit
1705 4010 1893 4095 easdemque
1912 4009 1966 4077 illo
1986 4009 2056 4092 ipso
2078 4010 2113 4076 in

366 4107 435 4174 loco
469 4106 604 4174 bonores
639 4109 775 4192 adeptus
810 4108 1010 4176 scholasticos
1042 4109 1223 4192 aliquandiu
1250 4111 1374 4193 publice
1405 4115 1438 4176 et
1466 4110 1616 4191 privatim
1646 4126 1716 4174 enm
1743 4106 1835 4174 nude
1866 4108 1981 4175 docuit.
2033 4107 2112 4176 Inde

367 4204 584 4288 Wittebergae
607 4207 639 4274 S.
654 4205 685 4273 S.
707 4207 816 4274 Tbeol.
838 4208 958 4275 Doctor
978 4209 1173 4276 authoritate
1191 4211 1393 4277 renunciatus
1412 4207 1538 4290 publica
1557 4206 1591 4275 id
1613 4206 1746 4274 assiduis
1766 4206 1880 4274 studiis
1899 4213 2111 4289 eomequutns

366 4310 424 4387 est,
445 4311 482 4372 ut
501 4307 625 4389 quoties
645 4324 680 4372 se
700 4308 869 4390 conjiceret
889 4309 923 4373 in
945 4326 1078 4388 versum,
1100 4308 1196 4376 verba
1210 4314 1418 4390 sequerentur
1434 4312 1559 4390 sponte,
1580 4307 1741 4388 triumque
1754 4306 1921 4388 praecipue
1932 4305 2111 4389 linguarum

369 4404 565 4486 cognitione,
592 4409 620 4472 si
641 4404 806 4488 quisquam
833 4406 929 4488 alius,
959 4407 1127 4474 excelleret
1153 4408 1295 4473 maxime.
1344 4406 1482 4489 Ideoque
1511 4405 1609 4472 etiam
1628 4404 1836 4487 Marpurgum
1861 4404 1903 4472 ad
1923 4404 2112 4488 Theologiae

366 4502 593 4584 professionem
620 4520 703 4569 anno
729 4504 928 4570 MDXXXIV
959 4510 1087 4572 vocatus
1114 4506 1325 4574 Ecclesiasteu
1361 4505 1426 4587 egit
1458 4503 1551 4571 simul
1579 4504 1670 4585 eique
1698 4520 1782 4569 anno
1809 4503 1942 4570 DXLIV
1968 4503 2111 4572 Reotoris

368 4601 476 4669 delata
494 4603 555 4669 fuit
575 4602 723 4685 dignitas,
744 4621 807 4685 quo
827 4603 885 4669 snb
906 4605 1078 4671 Rectoratu
1098 4623 1119 4670 a
1143 4604 1467 4686 Wittenbergensibus
1487 4602 1695 4684 Theologioae
1709 4600 1883 4668 Facultatis
1905 4601 2041 4684 petitum
2060 4608 2112 4669 est

368 4702 505 4785 sigillum
525 4707 558 4768 et
577 4703 790 4786 impetratum,
811 4706 848 4769 ut
869 4703 903 4768 id
922 4705 1069 4788 perpetui
1088 4722 1257 4772 cousensus
1279 4709 1365 4771 esset
1386 4701 1573 4785 symbolum:
1602 4701 1696 4767 Anne
1715 4716 1839 4785 quoqne
1856 4700 1973 4767 DXLV
1994 4700 2112 4768 Derani

367 4801 592 4884 perfunotnsl)
619 4807 670 4868 est
690 4819 828 4868 munere.
879 4802 1080 4870 Postmodum
1108 4803 1269 4871 Rostoehd
1296 4802 1431 4886 primum
1460 4818 1568 4867 sacras
1595 4798 1755 4882 professus
1783 4800 1893 4866 literas
1922 4799 2112 4867 Sambiensis

368 4901 525 4967 Ecclesiae
547 4899 613 4982 egit
634 4900 823 4968 Praesnlem.
873 4901 990 4967 Verum
1010 4902 1225 4985 Witebergam
1245 4902 1379 4969 tandem
1406 4916 1585 4982 regressus,
1614 4916 1693 4981 opus
1712 4897 1866 4965 Biblicum
1883 4898 2112 4981 Pentoglotton

370 5000 514 5084 Origenis
534 4999 686 5083 exemplo,
705 4999 794 5083 oldus
813 5018 852 5066 ea
872 5000 905 5065 in
927 5019 962 5067 re
981 5019 1077 5083 opera
1099 5007 1239 5068 veterum
1259 5001 1470 5077 monumentis
1496 5003 1664 5082 tantopere
1680 4998 1741 5064 fuit
1759 4997 1947 5080 collaudata,
1968 4998 2113 5082 agitabat

368 5101 488 5167 animo:
517 5099 606 5183 eujm
634 5100 731 5167 etiam
759 5100 915 5185 specimen
942 5100 976 5165 in
1003 5100 1108 5168 medio
1136 5101 1264 5183 reliquit
1283 5098 1445 5182 egregium
1472 5114 1550 5164 sane
1579 5101 1613 5163 et
1639 5096 1776 5180 posteris
1800 5096 2027 5164 admirandum.
2068 5098 2112 5162 At

475 5338 503 5405 1)
519 5337 552 5391 In
569 5337 620 5393 hac
639 5337 697 5393 vita
714 5334 893 5392 describenda
909 5335 964 5392 Dil.
982 5336 1018 5391 ad
1032 5335 1209 5393 Bsissardum
1227 5337 1314 5405 (leon.
1329 5352 1363 5406 p..
1375 5335 1430 5405 Π)
1445 5335 1561 5391 maxima
1578 5349 1609 5391 ss
1628 5334 1784 5405 applicarit,
1802 5348 1892 5403 neque
1909 5338 2001 5390 umen
2017 5333 2064 5403 its,
2083 5339 2113 5388 nt

370 5421 460 5521 omnia
478 5421 542 5476 inde
560 5420 770 5494 deprompserit,
793 5420 866 5492 quod
884 5420 979 5477 Tilem
1003 5421 1077 5477 dicit
1110 5421 1195 5479 Plura
1219 5422 1266 5479 dat
1291 5420 1459 5492 Striederus,
1478 5419 1589 5477 Molleri
1606 5420 1725 5476 Cimbris
1742 5419 1864 5477 litterata
1881 5421 1910 5476 in
1929 5435 2008 5475 usum
2034 5434 2119 5474 mum

370 5506 504 5660 umbaz}
521 5593 594 5648 Ante
612 5591 734 5649 mimam
747 5593 830 5664 burjus
847 5592 923 5648 verbi
941 5590 1073 5661 syllabam
1092 5591 1182 5661 imago
1201 5592 1281 5648 Deae.
1302 5597 1344 5649 est
1361 5591 1531 5661 interposita
