5409 7267
962 1161 1000 1218 Ia
1017 1166 1043 1218 tc
1058 1160 1181 1232 confido,
1200 1166 1231 1219 to
1247 1162 1324 1218 solas
1338 1163 1472 1233 mesiae
1485 1178 1560 1233 paro

997 1247 1125 1304 Humani
1140 1249 1246 1320 penaria
1259 1248 1343 1318 sacta
1359 1247 1485 1318 nefando
1501 1248 1587 1304 locos

964 1333 1008 1389 Ta
1025 1334 1095 1390 eadsi
1108 1340 1272 1405 perpetuom
1285 1335 1389 1406 scopili
1407 1351 1463 1406 pro
1480 1350 1596 1405 corpore
1612 1337 1697 1393 ritem

959 1417 965 1428 '
997 1420 1132 1475 Extincto
1150 1420 1235 1476 solito
1248 1437 1303 1492 pro
1319 1421 1441 1477 comiato
1458 1419 1545 1476 dahis.
1556 1420 1582 1490 ¹)

960 1506 1015 1561 Ast
1032 1506 1081 1576 qai
1098 1505 1193 1562 diodoro
1210 1508 1329 1563 maenus
1346 1508 1491 1573 munero)
1508 1512 1614 1563 rosnat

995 1591 1148 1647 Doctrinae
1165 1592 1285 1663 temptes
1304 1608 1337 1649 cc
1351 1593 1457 1663 pictate
1476 1594 1541 1660 oiri,

963 1675 1028 1733 Hos
1040 1693 1142 1747 precor
1157 1679 1305 1734 incolumes
1322 1693 1462 1734 emersos
1480 1679 1557 1733 trino
1571 1683 1705 1748 potestas,

998 1761 1138 1832 OPoter,
1156 1779 1173 1819 o
1191 1764 1265 1832 Fili,
1282 1764 1407 1835 Spiritus
1423 1770 1506 1835 etque
1522 1779 1607 1820 socca

481 1863 587 1944 Atque
613 1861 660 1927 ita
685 1857 818 1948 quidem
839 1860 978 1923 exuemo
998 1857 1064 1940 jam
1084 1857 1251 1925 Decembri
1274 1857 1434 1924 nummata
1461 1861 1520 1924 sut
1545 1876 1564 1923 e
1591 1856 1677 1923 senio
1704 1872 1860 1923 marasmo
1886 1857 1994 1940 potius
2021 1858 2221 1927 conflictatum

480 1960 588 2028 XXIX
608 1958 747 2042 ejusdem
766 1956 880 2023 mensis
899 1955 981 2023 circs
999 1956 1133 2039 primam
1145 1958 1401 2039 pomeridianam,
1421 1975 1491 2024 cum
1510 1957 1605 2038 paulo
1625 1960 1702 2023 ante
1722 1973 1886 2039 uesperam
1905 1958 2067 2026 imminere
2087 1958 2222 2041 ideoque

481 2060 648 2127 dormitum
676 2057 809 2124 eundum
837 2055 985 2139 dixisset,
1017 2055 1124 2122 cubito
1151 2056 1288 2124 innitens
1311 2056 1463 2124 emoritur
1483 2055 1709 2141 placidissime,
1737 2074 1807 2123 cum
1834 2061 1911 2123 ante
1938 2057 2115 2125 octmuium
2143 2058 2222 2125 rude

482 2159 620 2227 donatus
642 2162 743 2239 esset,
764 2173 846 2223 anuo
867 2172 961 2222 aerae
981 2153 1180 2223 Christianae
1199 2154 1407 2224 MDXXOIII.

1178 2515 1317 2582 Petrus
1341 2515 1518 2599 Paganus

582 2670 817 2738 Wsnhidianus
845 2669 965 2736 Hessus
989 2687 1029 2736 ee
1055 2669 1117 2736 fuit
1143 2670 1260 2753 ingenii
1288 2669 1456 2754 felicitate,
1494 2674 1532 2737 ut
1556 2668 1634 2736 nihil
1661 2668 1747 2753 quod
1771 2669 1891 2753 legeret
1918 2669 1951 2735 in
1977 2670 2127 2737 memoria
2154 2671 2223 2755 ejus

483 2772 635 2838 insideret
655 2771 782 2855 penitus
793 2774 835 2853 ⁸),
855 2770 1039 2853 quotiesque
1059 2788 1094 2837 se
1114 2770 1148 2835 iu
1168 2787 1292 2838 versum
1313 2777 1419 2838 mente
1437 2788 1475 2837 sc
1493 2769 1656 2837 voluntate
1677 2769 1829 2853 conjicere
1847 2768 1957 2835 liceret
1975 2769 2104 2852 homini,
2125 2770 2223 2836 umba

482 2871 551 2954 ipss
573 2872 683 2953 sponte
703 2874 922 2953 sequerentur.
963 2870 1098 2952 Ideoque
1126 2874 1250 2936 tantum
1275 2869 1377 2937 valuit
1395 2870 1528 2937 hominis
1549 2868 1703 2952 ingeniosi
1728 2872 1762 2935 et
1788 2869 1936 2935 memoris
1958 2869 2157 2953 exercitatio,
2186 2876 2223 2937 ut

482 2971 585 3052 prima
610 2970 735 3053 quidem
763 2969 983 3051 Philosophiae
1009 2968 1118 3036 laurea
1146 2968 1186 3035 ab
1213 2968 1352 3036 Hemico
1378 2968 1489 3035 Orthia
1515 2986 1597 3035 anno
1619 2968 1710 3034 thL
1734 2967 1844 3033 Martii
1862 2968 1953 3051 XIV,
1983 2969 2123 3035 secunde
2147 2988 2221 3035 uero

482 3070 619 3136 Pceseos
640 3069 680 3133 ab
700 3070 768 3150 ipso
785 3068 996 3133 Romanorum
1013 3069 1207 3149 Imperatore
1224 3068 1423 3134 Ferdinando
1443 3069 1543 3149 primo
1562 3072 1773 3135 coronaretur.
1813 3068 1919 3149 Atque
1937 3067 1998 3134 hoc
2017 3074 2108 3135 tanto
2121 3070 2222 3151 lmpe

483 3169 601 3234 ratoris
618 3166 736 3250 jndicio
756 3185 852 3249 quum
870 3166 1020 3249 dignare,
1041 3167 1136 3248 digna
1152 3166 1276 3232 nomine
1289 3166 1417 3248 Poetae,
1437 3167 1533 3248 digna
1547 3166 1704 3234 hominum
1719 3166 1847 3234 auribus
1862 3166 2031 3235 effecturus
2046 3174 2223 3251 putaretur,

484 3269 524 3335 ab
554 3266 723 3333 Academia
747 3266 789 3331 ad
815 3266 929 3332 Poesiu
966 3265 1135 3332 docendam
1167 3269 1312 3332 evocatus
1339 3265 1571 3332 VNovembris
1597 3284 1680 3332 anno
1707 3266 1860 3333 mnuxn
1896 3267 2032 3335 carmine
2062 3268 2223 3352 praetatus

483 3365 610 3435 Horatii
629 3366 834 3448 interpretari
851 3365 953 3449 coepit
975 3363 1076 3448 Odas,
1099 3382 1159 3447 quo
1180 3369 1319 3449 tempore
1339 3365 1487 3447 Nigidius
1507 3364 1627 3432 isthaec
1647 3366 1713 3448 ejus
1732 3367 1863 3450 subjecit
1882 3366 1963 3434 iconi

965 3463 1100 3520 Haesisti
1123 3463 1201 3519 Vatia
1220 3464 1403 3519 vescendum
1420 3467 1545 3536 conspice
1561 3465 1675 3533 cultam

1002 3548 1086 3621 Quem
1104 3550 1196 3604 oioam
1214 3556 1350 3605 monstrat
1363 3567 1458 3621 paroc
1475 3552 1576 3607 tabella
1592 3552 1650 3607 aaa

967 3633 1052 3703 Oqites
1069 3634 1185 3705 &puoto
1203 3642 1244 3693 ast
1260 3636 1424 3692 Ferdrrondr'
1442 3636 1569 3693 &moris
1585 3637 1681 3709 amplo

1001 3721 1137 3790 Maiestas
1155 3722 1236 3778 laum
1253 3722 1435 3779 condecorare
1451 3730 1545 3794 caput,

968 3806 1035 3862 Noa
1050 3806 1124 3875 qaod
1141 3809 1202 3862 ocis
1219 3810 1363 3877 omchqoc
1377 3815 1491 3879 psum,
1507 3808 1583 3879 qaod
1600 3809 1693 3865 elom
1709 3810 1740 3864 tn
1756 3810 1851 3875 omis,

1001 3891 1056 3948 Sed
1072 3892 1147 3963 qaod
1163 3894 1311 3949 Musarum
1327 3895 1420 3950 οῑανιω
1436 3896 1563 3951 damnor
1578 3901 1645 3950 erat

966 3978 1006 4034 At
1014 3978 1042 4048 ⁴)
1059 3978 1141 4034 docto
1158 3996 1256 4035 monas
1268 3981 1374 4050 sociem
1391 3980 1535 4054 depingas
1551 3983 1652 4052 possit,

1002 4064 1106 4120 Nullas
1124 4067 1177 4121 orit
1189 4067 1283 4136 pictor
1297 4068 1398 4124 aoht'lt's
1414 4069 1523 4139 inponit

488 4160 697 4244 caeteroquin
717 4178 786 4227 cum
806 4160 890 4226 idem
909 4158 1055 4241 Nigidius
1081 4159 1206 4226 biennio
1232 4164 1306 4242 post
1333 4180 1463 4228 munere
1490 4160 1646 4227 naturalis
1671 4160 1820 4227 scientiae
1846 4163 2049 4245 explicandae
2075 4173 2223 4250 suscepto

486 4262 698 4330 Historiarum
726 4259 919 4343 professione
945 4258 1092 4341 abiisset,
1128 4257 1209 4326 hanc
1243 4260 1364 4343 pariter
1396 4279 1489 4327 curae
1515 4260 1628 4328 habuit
1657 4260 1822 4344 Pagauus,
1858 4261 2042 4348 intereaque
2071 4270 2223 4350 temporis

486 4362 606 4430 Decaui
627 4378 755 4428 munere
782 4359 907 4426 functus
932 4363 990 4425 est.
1032 4358 1095 4425 Sed
1116 4359 1212 4425 etiam
1235 4360 1495 4442 quemadmodum
1523 4379 1615 4427 rosae
1639 4365 1770 4443 repente
1798 4369 1966 4430 senescunt
1994 4370 2028 4431 et
2054 4366 2224 4450 intereunt,

486 4461 533 4528 ita
553 4466 586 4527 et
605 4460 757 4527 homines.
806 4460 888 4526 Nam
917 4476 1000 4526 auno
1022 4457 1216 4526 MDLXXVI
1242 4460 1276 4525 in
1305 4460 1443 4543 patrium
1469 4461 1643 4544 protectus,
1680 4466 1718 4527 ut
1748 4465 1882 4528 matrem
1910 4463 2059 4531 muneret
2084 4466 2223 4550 viduam,

487 4561 594 4628 XXIX
611 4560 689 4643 Maji
715 4560 754 4626 de
779 4560 845 4625 vita
864 4559 994 4641 migrat,
1018 4576 1114 4642 quum
1140 4559 1276 4625 noudum
1297 4562 1413 4628 aetatis
1433 4578 1550 4626 anuum
1568 4559 1672 4626 XLIV
1699 4561 1868 4643 attigisset.
1917 4561 2018 4630 Panlo
2044 4583 2120 4633 vero
2148 4572 2223 4634 aute

488 4666 637 4743 tanquam
657 4660 742 4726 vitae
764 4658 858 4725 finem
878 4658 938 4725 sibi
958 4658 1137 4741 impendere
1157 4659 1373 4743 praesagiret,
1395 4660 1435 4727 de
1455 4659 1714 4727 vitaehumanae
1734 4660 1867 4727 miseriis
1888 4662 2140 4749 Frauoobergae,
2170 4667 2223 4735 ubi

488 4763 555 4827 tum
575 4758 905 4841 exulabathcademia
924 4762 1130 4841 peroraverat
1142 4763 1240 4840 poeta
1257 4765 1290 4825 et
1308 4764 1416 4825 cramr
1429 4760 1546 4843 optimo
1560 4759 1658 4826 cuiuis
1677 4777 1747 4843 par,
1768 4759 1825 4827 sed
1846 4760 2036 4830 urbanitatis
2058 4770 2092 4830 et
2111 4767 2224 4834 salium

487 4860 594 4942 lepore
614 4859 767 4942 oratorio,
796 4876 860 4924 uon
887 4858 1008 4924 scurrili
1035 4857 1202 4926 excelleret
1217 4858 1387 4942 plurimum
1407 4859 1487 4927 aliis.
1536 4859 1638 4927 Natus
1667 4864 1775 4926 autem
1802 4859 1907 4930 iuerat
1934 4879 2017 4929 auno
2039 4864 2224 4934 MDXXXII

489 4959 539 5026 die
559 4958 738 5043 Paschutis,
758 4957 960 5041 Epitaphium
980 4959 1047 5042 ejus
1057 4957 1103 5040 ⁸):

589 5236 618 5306 ι)
633 5234 724 5305 Nigid.
741 5235 815 5292 doto.
882 5238 911 5307 a)
929 5236 1020 5308 Nigid
1038 5238 1145 5294 tamine.

587 5323 617 5391 3)
635 5322 712 5377 Haec
725 5322 810 5378 rerba
826 5322 892 5378 vitio
911 5323 1036 5380 laborare
1053 5323 1184 5381 ridentur.

586 5407 617 5477 4)
635 5407 769 5464 Omissum
785 5407 891 5465 ridetur
909 5412 942 5466 st.

587 5492 812 5563 &Epitaphium
839 5495 868 5551 in
896 5494 1013 5552 ecclesis
1034 5494 1213 5553 Wcutridans
1243 5501 1354 5555 exnunc
1384 5499 1535 5569 composuit
1561 5498 1606 5556 Ic.
1628 5499 1858 5575 SchimmelpIeug
1886 5508 1957 5563 teste
1979 5503 2129 5562 Striederc.
2172 5506 2225 5563 Vix

490 5592 589 5648 operas
606 5578 726 5649 pretium
743 5580 807 5650 erit,
827 5586 956 5652 compta
973 5582 1135 5650 majesturis
1151 5597 1257 5639 sanare.
