5409 7267
494 938 565 1011 130

492 1126 689 1192 abstrusiora
703 1121 921 1207 Philosophiae
938 1127 1039 1207 parte,
1061 1124 1193 1207 quaein
1214 1122 1443 1205 investigandis
1465 1140 1570 1188 rerum
1588 1124 1780 1191 naturalium
1801 1125 1922 1193 massis
1934 1125 2079 1208 vertitur,
2098 1126 2235 1194 intendit

491 1230 587 1308 atque
608 1224 714 1291 defixit
729 1225 883 1306 animum,
905 1229 937 1289 et
950 1223 1068 1307 Logiua
1089 1222 1229 1291 docenda
1248 1231 1393 1291 uersatus
1413 1228 1463 1290 est
1481 1241 1566 1289 anno
1581 1223 1763 1292 MDGXXII
1783 1225 1970 1291 Academiae
1989 1227 2116 1292 Rector.
2147 1228 2235 1293 Inter

491 1324 720 1391 lucubrationes
742 1324 810 1407 ejus
830 1324 980 1390 Amidota‘
1006 1324 1084 1389 libes·
1109 1324 1188 1404 duo,
1221 1323 1450 1407 Metoplrpsa'co
1470 1327 1504 1387 et
1524 1324 1666 1407 Physica
1693 1326 1850 1391 succincta
1878 1343 2011 1407 prorsus
2036 1330 2233 1408 pertractata

490 1423 638 1490 methodo
656 1428 690 1490 et
709 1426 808 1490 orunis
826 1425 950 1506 generis
971 1423 1132 1490 mehmeha
1152 1422 1371 1506 philosophicis
1393 1440 1568 1505 conspersa.
1611 1424 1690 1507 Spes
1708 1430 1813 1490 umen
1832 1431 1891 1507 est,
1912 1426 1939 1491 si
1953 1443 2047 1508 porro
2067 1430 2231 1506 superstas

492 1523 543 1605 sit,
563 1522 639 1605 lore,
659 1528 705 1606 nt,
726 1524 799 1607 quia
819 1527 853 1589 in
870 1522 1052 1590 disserendo
1069 1523 1330 1606 prudentissimus
1348 1528 1380 1589 et
1394 1522 1426 1587 in
1441 1522 1716 1589 exercitationibus
1728 1524 1991 1590 laboriosissimus
2004 1529 2064 1606 cst,
2084 1524 2188 1590 multa
2200 1524 2232 1590 in

494 1622 687 1706 Theologicis
701 1628 736 1689 et
747 1622 973 1706 Philoscpbicis
990 1622 1138 1705 elaboret,
1160 1623 1274 1704 quibus
1293 1622 1397 1688 fontes
1412 1623 1471 1705 ipsi
1487 1624 1675 1704 aperiuntur
1685 1623 1727 1708 ¹).
1752 1625 1791 1690 In
1808 1625 1908 1707 ipsius
1928 1622 2065 1706 effigiem
2081 1623 2231 1707 Eglinus:

973 1722 1011 1777 la
1028 1722 1150 1793 Plsyes'ca
1168 1727 1195 1777 et
1211 1723 1319 1793 Βορέω
1336 1728 1450 1778 excom
1470 1721 1647 1777 &adamim
1663 1730 1726 1779 arte

1006 1808 1144 1875 Joannes,
1158 1808 1236 1877 facie
1252 1809 1305 1863 hnc
1322 1808 1530 1879 conspiciendas
1548 1814 1614 1864 erat

972 1895 1015 1951 Et
1030 1893 1124 1950 sardic
1139 1895 1259 1950 Petrossa
1277 1901 1305 1951 et
1321 1895 1469 1966 Scriptura
1485 1896 1565 1965 nque
1583 1895 1712 1967 loquendi

1010 1981 1175 2054 Ihdcloprss
1192 1998 1273 2038 cerus
1290 1982 1532 2052 Phalcacpbaaqae
1548 1998 1633 2037 aare.

1122 2244 1288 2312 Joannes
1314 2244 1468 2311 Pincier
1492 2244 1535 2310 M.
1557 2243 1596 2309 D.

588 2398 729 2467 Joannes
758 2400 882 2467 Pincier
911 2405 1007 2467 natus
1038 2404 1089 2467 est
1116 2400 1269 2467 Wetteris
1303 2419 1388 2468 anno
1418 2400 1555 2468 MDLVI
1590 2404 1684 2483 patre
1711 2396 1882 2481 Theophila
1913 2416 1953 2465 es
1984 2397 2120 2480 antiqua
2143 2400 2231 2481 apud

488 2497 707 2581 Walteranos,
740 2500 914 2582 antiquiore
941 2499 1025 2583 apud
1045 2500 1275 2583 Bidecapenses
1295 2500 1546 2583 Pintrigerorum
1566 2499 1686 2566 mundis
1707 2497 1839 2565 oriundo
1848 2498 1895 2579 ²),
1921 2502 2024 2564 mane
2044 2496 2193 2565 Susanna
2210 2516 2231 2564 a

486 2595 589 2668 Sesen
616 2600 784 2681 prosapiae
811 2599 1051 2681 Marpurgansis
1078 2599 1161 2666 houd
1190 2600 1329 2684 plebeiae
1357 2618 1415 2667 nec
1442 2601 1546 2667 minus
1573 2600 1734 2681 antiquae.
1784 2597 1963 2664 literarum
1990 2596 2171 2666 rudimenta
2198 2596 2231 2665 tn

486 2699 593 2780 patria
621 2701 742 2781 posuit,
775 2699 809 2766 in
836 2718 899 2782 qua
925 2700 1081 2783 pueritiae
1106 2718 1204 2767 annos
1232 2702 1284 2766 vix
1310 2718 1456 2783 egressrrs
1484 2707 1656 2782 utrumque
1683 2703 1846 2781 parentem
1873 2697 1981 2763 amisit
2009 2701 2045 2764 et
2071 2696 2231 2780 orphanus

485 2797 694 2881 Marpurgum
713 2800 829 2865 missus
851 2805 916 2881 est,
944 2800 998 2866 ubi
1019 2800 1078 2866 sub
1101 2800 1187 2866 Justi
1208 2801 1324 2883 Vulteji
1345 2800 1468 2883 patrui,
1497 2811 1565 2864 tum
1588 2798 1738 2879 temporis
1766 2796 2073 2879 paedagogiarchae,
2103 2797 2231 2879 ejusque

486 2896 677 2979 collegarum
698 2899 861 2981 disciplina
881 2899 1053 2965 studiorum
1075 2900 1270 2966 continuavit
1296 2918 1436 2982 cursum,
1467 2900 1565 2965 donec
1589 2897 1630 2963 ad
1657 2897 1817 2963 auditoria
1843 2897 2068 2962 admitteretur
2094 2896 2230 2978 publica.

485 2996 581 3062 Hisce
606 3016 663 3079 per
689 3016 785 3063 unum
814 3004 911 3080 atque
937 2999 1072 3066 alterum
1093 2999 1302 3082 frequentatis
1321 3019 1438 3065 annum
1459 3017 1556 3065 suasu
1575 2998 1681 3080 patrui
1701 2997 1751 3062 sui
1771 2996 1903 3061 Joannis
1923 2995 2057 3061 Pincieri
2077 2995 2107 3061 J.
2131 2995 2170 3062 U.
2191 2996 2229 3061 D.

485 3095 637 3179 praefecti
658 3098 871 3179 Epsteinensis
893 3098 1134 3179 Heidelbergam
1153 3117 1187 3164 se
1209 3100 1359 3181 contulit,
1387 3098 1623 3180 Medicinaequc
1648 3097 1787 3162 animum
1813 3094 1974 3177 applicuit.
2015 3094 2118 3162 Jactis
2137 3095 2173 3160 in
2192 3113 2231 3160 ea

486 3193 700 3261 fundamentis
711 3196 919 3262 mediocribus
931 3196 972 3262 ad
983 3196 1217 3263 celeberrimum
1230 3199 1297 3281 ejus
1309 3198 1426 3264 aetatis
1440 3197 1610 3278 chymicum
1620 3194 1775 3261 Adamum
1781 3194 1934 3260 Keckium
1945 3192 2231 3278 Pharmaccpoenm

485 3293 779 3362 Francoiurtensem
799 3295 1006 3377 chymicorum
1035 3295 1174 3380 undique
1202 3297 1245 3363 ad
1273 3297 1377 3380 ipsum
1403 3315 1443 3363 ex
1470 3296 1648 3379 longinquis
1676 3294 1858 3377 regionibus
1879 3291 2115 3375 confluentium,
2146 3294 2231 3361 inter

485 3410 563 3479 qnos
591 3394 706 3461 Petrus
734 3394 902 3461 severinus
938 3398 971 3462 et
1003 3394 1141 3462 Joannes
1176 3396 1356 3480 Pratensis,
1394 3396 1498 3480 Dani,
1534 3394 1623 3462 tuere
1654 3399 1688 3463 et
1716 3393 1853 3462 'ihomas
1877 3390 2058 3473 hubalbus,
2096 3391 2230 3475 Anglus,

484 3491 763 3577 hospitalissimnm
790 3499 1018 3578 receptatorem
1047 3496 1194 3580 divertit,
1223 3515 1368 3581 annoque
1396 3497 1590 3578 inutraque
1619 3496 1687 3579 ejus
1709 3492 1832 3560 officina
1852 3497 1962 3559 exacto
1982 3490 2228 3575 Heidelbergam

483 3594 625 3661 revertit.
668 3594 741 3661 Non
760 3594 853 3677 longe
879 3599 953 3678 post
974 3596 1128 3677 dissipata
1149 3595 1313 3662 illustriss.
1335 3594 1490 3664 Electoris
1511 3596 1650 3663 Palatini
1671 3592 1823 3660 Friderici
1842 3592 1929 3660 tertii
1950 3591 2037 3658 obitu
2057 3592 2229 3660 Academia

484 3691 678 3759 Genernsum
699 3694 789 3760 Dour
811 3694 943 3761 Paulum
963 3694 1189 3770 Gieraltovium
1215 3714 1272 3779 per
1297 3696 1478 3763 Bohemmm
1505 3696 1538 3761 in
1559 3694 1723 3763 Poloniam
1743 3693 1911 3759 comitatus
1931 3696 1996 3775 est,
2025 3691 2112 3775 apud
2134 3709 2229 3776 quem

483 3790 518 3857 ln
538 3792 653 3859 ducatu
665 3793 841 3860 Zatoriensi
861 3794 1100 3877 quadriennium
1121 3795 1233 3861 eximia
1251 3795 1311 3860 viri
1331 3794 1527 3861 humanitate
1548 3795 1699 3860 detentus
1721 3793 1886 3876 uamegtt,
1906 3791 2107 3875 linguamque
2121 3792 2229 3877 gentis

485 3896 617 3959 eatenus
637 3892 804 3976 addidicit,
833 3897 869 3959 ut
898 3898 931 3959 et
956 3911 1066 3960 versus
1088 3892 1253 3961 Polonicos
1283 3900 1437 3978 pangeret
1465 3894 1549 3960 haud
1576 3892 1757 3976 infeliciter,
1786 3909 1921 3975 praxeos
1942 3891 2067 3956 interim
2088 3890 2230 3960 medicae

485 3992 646 4076 tyrociniis
673 4011 737 4059 non
761 3993 966 4076 intermissis,
997 3993 1154 4076 simulque
1183 3994 1272 4077 quasi
1300 4003 1467 4078 παρέργως
1494 3994 1624 4060 italicae
1654 3992 1781 4074 linguae
1808 3992 1906 4058 initiis
1933 3990 2061 4058 assidm
2090 3990 2230 4059 lectione

484 4094 651 4178 perceptis.
692 4093 870 4161 EPolonia
890 4091 990 4159 redux
1014 4094 1185 4176 pristinum
1206 4093 1320 4160 Adurni
1338 4093 1449 4160 Kerkii
1475 4093 1645 4178 hospitium
1665 4092 1792 4176 repetiit
1812 4092 1939 4175 eiusque
1960 4090 2229 4158 commendatione

483 4195 519 4260 in
539 4192 689 4258 familiam
708 4191 1016 4274 familiaritatemque
1036 4191 1074 4257 Ι).
1095 4192 1246 4259 Joachimi
1267 4193 1438 4260 camerarii
1458 4192 1571 4259 Medici
1592 4192 1833 4276 Nonbergensis
1852 4190 2023 4258 insinuavit
2042 4207 2121 4257 sese.
2164 4190 2229 4258 Per

484 4294 567 4361 hunc
582 4292 713 4358 Erasmo
727 4293 932 4359 Naustettcro
945 4292 1071 4357 Decano
1087 4290 1309 4376 (lombergensi
1326 4293 1485 4375 canonico,
1506 4292 1730 4376 Bambergensi
1748 4296 1781 4358 et
1791 4291 1821 4375 ⁸)
1841 4289 2058 4373 Herbipolensi
2077 4290 2228 4373 innotuit,

482 4395 517 4461 in
538 4395 626 4478 cujus
648 4393 720 4459 aula
738 4392 930 4473 Combcrgae
953 4408 1049 4476 prope
1075 4391 1190 4458 Halom
1218 4391 1391 4459 Suevorum
1418 4391 1600 4475 aliquandiu
1632 4392 1730 4475 degit.
1780 4390 1813 4456 ls
1840 4389 1924 4455 ultro
1954 4393 2099 4470 sumptus
2125 4389 2157 4455 ei
2184 4390 2228 4457 ad

483 4494 766 4581 peregrinationem
786 4492 820 4557 in
836 4490 977 4574 ltaliam,
998 4490 1147 4573 Galliam,
1166 4491 1412 4576 Hispaniamque
1430 4492 1608 4559 uberiorem
1628 4492 1661 4557 in
1680 4495 1750 4557 arte
1763 4487 1887 4556 Medica
1906 4505 2128 4571 progressuum
2148 4505 2227 4572 ergo

484 4592 696 4676 suscipiendos
709 4592 742 4673 ⁴)
772 4589 903 4672 obtulit,
935 4608 1049 4673 eosque
1074 4591 1248 4673 gratuitos,
1280 4592 1362 4674 quod
1390 4590 1572 4657 beneficium
1601 4591 1662 4656 etsi
1688 4589 1850 4655 Pincierus
1880 4587 1964 4654 haud
1990 4594 2228 4671 nspemaretur,

482 4694 624 4774 accipere
644 4697 749 4757 tamen
771 4692 864 4757 certis
884 4690 925 4757 de
945 4690 1065 4756 caussis
1084 4690 1242 4757 dubitavit
1261 4692 1422 4757 immemor
1441 4690 1525 4756 illius
1543 4690 1739 4817 druentiam:
1767 4688 1834 4755 Aba
1855 4688 1963 4772 quovis
1983 4686 2122 4770 homine,
2153 4707 2226 4755 cunr

581 4972 610 5036 1)
629 4968 732 5025 Multas
754 4968 952 5037 deputadonsa
972 4969 1120 5039 maraque
1145 4976 1174 5025 et
1194 4969 1336 5039 limburgi
1368 4976 1397 5026 st
1420 4975 1520 5039 postea
1542 4968 1675 5026 Carselhs
1703 4966 1797 5025 edidit
1841 4968 1912 5024 Nam
1935 4972 2080 5037 postquam
2103 4982 2129 5022 a
2155 4970 2226 5024 1624

481 5056 681 5113 Damstadinis
698 5056 864 5124 provinciam
887 5063 916 5111 et
936 5054 1112 5111 Academiam
1134 5056 1330 5126 occupantibus
1353 5056 1481 5113 «limiam
1503 5056 1589 5127 paulo
1611 5061 1678 5126 post
1697 5056 1726 5111 ia
1747 5054 1866 5113 ecelesia
1885 5052 2077 5123 Falsbergmai
2101 5054 2225 5122 padusia

480 5158 576 5199 munus
599 5148 770 5212 susceperat,
797 5157 821 5196 a
842 5143 908 5197 1634
932 5140 968 5196 ad
986 5141 1161 5197 Academiam
1180 5142 1317 5200 cassellas
1339 5142 1496 5199 sranslasa·
1519 5142 1617 5213 rediit,
1639 5142 1688 5198 nbi
1708 5140 1866 5211 theologiae
1891 5145 1920 5196 st
1943 5139 2136 5209 philosophias
2150 5154 2224 5211 ,pre-

480 5230 592 5286 iesacris
619 5243 743 5299 munere,
776 5227 934 5297 interposito
961 5226 1145 5299 quinquennio
1173 5229 1201 5285 in
1225 5229 1366 5300 gymnasio
1395 5229 1537 5286 Bremensi
1565 5235 1676 5302 exacto,
1706 5243 1793 5320 nsque
1821 5225 1857 5283 ad
1887 5226 1960 5283 ritas
1990 5225 2073 5282 tinem
2101 5242 2127 5282 a
2155 5229 2221 5283 1651

480 5317 589 5374 tenens
612 5321 662 5371 esa

579 5402 608 5471 2)
627 5400 691 5456 God
710 5398 830 5455 oriendo.

578 5491 608 5557 ll)
626 5488 717 5555 Imago
735 5485 862 5542 Pincieri.

584 5576 615 5644 4)
634 5574 679 5630 Sic
696 5572 764 5643 bii,
783 5588 846 5643 non,
865 5570 938 5641 quod
955 5571 1070 5628 innitar
1087 5573 1287 5641 exspectaverit
1304 5572 1415 5644 aliquis,
1434 5572 1643 5644 menam
