5409 7267
937 2286 1197 2361 REOTORUM
1237 2289 1527 2364 CATALOGUS.

486 2510 629 2576 Joouraes
644 2513 822 2578 Ferraru'us
836 2513 1005 2580 Montanus
1023 2515 1109 2581 Juris
1124 2516 1222 2581 civilis
1244 2518 1404 2599 professor
1425 2527 1458 2585 et
1468 2520 1577 2602 judicii
1593 2520 1735 2604 Hassiae,
1757 2525 1841 2606 quod
1852 2526 1969 2593 curiale
1984 2538 2105 2611 vocant,

362 2608 511 2675 Assessor
527 2610 656 2692 primus,
676 2611 863 2677 Academiae
885 2614 1002 2679 Rector
1020 2616 1240 2696 magistratum
1259 2617 1330 2682 iniit
1348 2619 1395 2683 Ill
1416 2618 1627 2686 Calendarum
1641 2621 1730 2687 Junii
1749 2624 1786 2688 Α.
1810 2623 1841 2690 S.
1866 2624 2050 2693 MDXXVII
2072 2636 2105 2695 et

362 2708 449 2773 solus
470 2728 528 2792 per
546 2709 703 2776 biennium
724 2729 795 2775 eum
813 2714 918 2793 gessit.

484 2810 574 2874 Anno
594 2828 669 2874 vero
689 2809 861 2875 MDXXIX
884 2812 913 2876 ei
935 2813 1084 2878 successit
1105 2814 1254 2881 Adamas
1276 2816 1375 2882 Grato
1397 2816 1559 2882 liddensis
1574 2820 1610 2899 ¹),
1630 2826 1663 2883 et
1684 2819 1756 2886 huic
1777 2821 1848 2886 dein

483 2908 618 2974 Erimus
641 2908 766 2975 Gordus
787 2909 870 2974 Med.
891 2910 930 2975 D.
953 2916 986 2976 et
1007 2912 1166 2994 professor
1187 2932 1270 2979 anno
1292 2915 1462 2980 christiano
1483 2915 1647 2996 MDXXX‚

364 3106 387 3170 c
410 3107 420 3170 l
451 3008 886 3173 ΙΙΑιιμΜιιίζιῖἷεΧὶιὲἱαὸαειὶαπαε
905 3011 1077 3077 Nouaeuus
1098 3013 1242 3094 flander,
1271 3015 1386 3080 artium
1408 3014 1563 3095 Magister
1591 3033 1629 3080 ac
1657 3033 1766 3082 sacrae
1795 3018 1923 3100 linguae
1944 3022 2103 3104 professor

389 3124 428 3170 a.
473 3124 522 3171 an.
715 3159 722 3189 ‚

483 3207 658 3272 Frdardus
681 3207 866 3290 Scduepflus
886 3206 1148 3290 Hailprunnensis
1176 3218 1237 3275 art.
1265 3209 1349 3291 Mag.
1378 3216 1412 3275 et
1439 3228 1549 3276 sacrae
1571 3209 1759 3292 Theologiae
1786 3213 2015 3284 Baccalaureus
2037 3218 2102 3286 Gal.

362 3307 432 3370 Jan.
457 3305 650 3388 MDXXXll‚

484 3407 530 3471 Ac
555 3405 664 3471 eodem
688 3423 771 3469 anno
794 3404 859 3470 Gal,
881 3403 946 3470 Jul.
968 3405 1111 3471 Joauues
1133 3407 1312 3473 Ferrarius
1330 3407 1510 3472 Montanus.

485 3507 575 3569 Anno
602 3523 675 3569 uero
704 3503 906 3568 MDXXXIII
928 3503 994 3567 Cal.
1016 3504 1086 3569 Jan.
1110 3505 1244 3570 Erioius
1266 3505 1409 3586 Cordum
1438 3505 1493 3569 cal.
1520 3505 1592 3570 inde
1617 3506 1680 3571 lul.
1702 3508 1871 3590 Augustus
1890 3511 2102 3581 Sebastianus

361 3606 540 3670 Nouzouus.

484 3703 574 3767 Anno
596 3698 791 3766 MDXXXIV
813 3700 987 3764 Erloardus
1002 3700 1149 3782 Suepfim
1164 3701 1351 3783 Theologiae
1372 3701 1531 3783 professor
1553 3700 1617 3767 Gal.
1630 3702 1700 3768 Jan.
1723 3708 1756 3767 et
1776 3703 1920 3771 Joauues
1941 3706 2103 3777 Rudelius

360 3800 678 3883 Francophurdianus
698 3799 786 3864 Juris
807 3797 958 3880 pontificii
980 3803 1013 3863 et
1032 3799 1067 3863 L.
1091 3800 1126 3863 L.
1149 3800 1271 3865 Doctor
1291 3804 1325 3865 et
1347 3798 1427 3881 prof.
1452 3799 1518 3864 Gal.
1539 3799 1602 3865 Jul.

482 3898 666 3966 MDXXXV
688 3897 832 3965 Joauues
846 3897 1065 3981 Mepadacdus
1088 3902 1148 3963 art.
1171 3904 1204 3963 et
1224 3898 1394 3964 medicinae
1407 3898 1448 3963 D.
1471 3898 1527 3963 cal.
1540 3898 1612 3964 Jan.
1634 3905 1667 3962 et
1684 3897 1827 3966 Jacodus
1849 3923 1871 3966 a
1892 3901 2103 3973 Taubeudeim

360 4002 463 4083 Eques
492 4003 625 4065 auratus
653 3998 753 4062 literis
786 4001 819 4062 et
846 3995 1027 4063 clarissimis
1065 3995 1219 4078 majorum
1251 4015 1382 4063 suorum
1417 3997 1604 4081 imaginibus
1632 3998 1680 4063 uir
1713 4000 1969 4079 generosissimus
1980 4005 2020 4087 ²),
2046 4007 2103 4073 cal

359 4102 431 4168 Jan.
443 4100 473 4182 ³)
493 4099 660 4165 Prorector
681 4115 709 4161 a.
731 4095 888 4162 Nicodous
906 4095 1101 4177 Asoulepius
1120 4095 1279 4161 Barbatus
1298 4097 1406 4180 Poeta,
1429 4097 1548 4162 Rhetor
1568 4101 1600 4162 et
1621 4096 1839 4180 Philosophus,

482 4196 679 4264 MDXXXVI
701 4195 870 4263 Gerardus
894 4194 1156 4261 Geldeulraurr'us
1176 4196 1385 4278 Noviomagus
1412 4196 1468 4262 cal.
1492 4196 1564 4262 Jan.
1592 4202 1624 4261 ef
1644 4195 1789 4263 Joauues
1809 4198 1989 4268 Ferrarius
2010 4202 2102 4269 Mon·

359 4305 453 4365 tanus
475 4298 505 4363 J.
526 4296 565 4363 U.
587 4297 625 4361 D.
649 4295 713 4361 Cal.
738 4294 800 4361 Jul.
822 4295 1011 4361 tertiariae.

481 4395 697 4464 MDXXXVII
722 4395 866 4462 Joauues
893 4394 1073 4478 Dryander
1104 4393 1305 4461 Wetteranus
1340 4400 1401 4458 art.
1429 4400 1462 4459 et
1491 4395 1574 4459 Med.
1609 4395 1648 4459 D.
1687 4402 1720 4459 et
1747 4396 1904 4478 professor
1936 4397 1999 4463 Cal
2028 4398 2099 4464 Jan.

360 4499 504 4565 Joauues
524 4496 702 4563 Louicerus
721 4499 783 4560 art.
805 4493 849 4561 M.
871 4494 1011 4559 Graecae
1033 4499 1066 4559 et
1086 4493 1182 4560 Hebr.
1204 4494 1279 4575 ling.
1301 4492 1463 4559 Professor
1485 4493 1541 4558 cal,
1564 4492 1626 4558 Jul.

482 4594 695 4662 MDXXXIDl
719 4593 836 4661 Helius
856 4593 1010 4659 Eadoum
1030 4593 1155 4659 Hassus
1185 4597 1279 4675 poeta
1304 4600 1337 4658 et
1363 4592 1480 4658 Jusfus
1500 4593 1662 4659 Studaeus
1683 4592 1772 4658 Juriu
1799 4592 1905 4659 Civilis
1932 4592 2097 4675 professor.

481 4694 681 4762 MDXXXIX
699 4693 844 4761 Joaaues
864 4692 1043 4777 Dryander
1065 4698 1098 4758 et
1118 4693 1327 4760 Reirdeardus
1348 4691 1520 4758 Loriclor'us
1541 4690 1758 4757 Hudamarius.

482 4794 602 4861 MDXL
630 4794 779 4859 Adamas
807 4791 906 4858 Grato
934 4797 967 4857 et
994 4792 1028 4857 in
1056 4792 1123 4874 eJus
1150 4794 1253 4860 locum
1288 4792 1457 4857 vicerector
1485 4790 1694 4857 Reiudardus
1721 4790 1900 4857 Loridu'us.
1944 4790 2009 4856 cel.
2036 4790 2098 4856 lul.

361 4896 541 4962 Ferrarius
561 4892 733 4958 Montanus
755 4898 869 4973 quarta
889 4890 955 4955 uice
974 4890 1098 4957 Rector.

482 4992 618 5059 MDXLI
639 4990 783 5059 Joauues
803 4989 982 5074 Drpauder
1004 4992 1101 5055 tertia
1117 4991 1183 5056 uice
1202 4989 1260 5055 cal.
1281 4989 1353 5055 Jan.
1376 4993 1410 5053 ei
1428 4988 1572 5056 Joauues
1594 4988 1830 5071 Oldeudorpr'ua
1849 4988 1879 5055 J.
1895 4987 1933 5056 U.
1947 4988 1985 5053 D.
2030 4988 2098 5068 Quo

360 5113 442 5160 anno
462 5091 648 5159 Academiae
668 5090 830 5173 privilegia
851 5089 959 5157 attulit
979 5090 1115 5157 Floiuus
1135 5089 1288 5171 Principis
1309 5087 1533 5154 Cancellarius.

464 5389 492 5456 l)
509 5386 541 5442 ln
558 5387 616 5443 cod
633 5386 764 5456 scriptum
782 5392 824 5441 est
842 5385 987 5441 Fudeueis.

462 5476 491 5540 2)
510 5474 602 5529 Verba
621 5474 708 5528 literis
727 5502 759 5512 -
773 5472 997 5543 amarissimus
1015 5486 1032 5525 a
1049 5470 1103 5525 Dil.
1128 5470 1242 5540 margini
1266 5470 1398 5539 inscripta
1414 5484 1449 5525 ex
1467 5467 1539 5524 Albo
1558 5467 1715 5525 wadamiro
1730 5468 1854 5525 daumio
1870 5473 1940 5523 mu

462 5561 491 5626 3)
511 5558 565 5613 Per
581 5574 701 5614 errorem
718 5558 847 5628 scriptum
865 5562 908 5612 est
924 5556 990 5612 Jau.
1008 5572 1058 5625 pro
1076 5556 1134 5612 dul.
1169 5556 1313 5612 Prorector
1330 5557 1384 5612 hoc
1401 5571 1471 5611 anno
1489 5554 1650 5611 constitutus
1667 5562 1721 5626 cst,
1740 5555 1805 5624 quia
1821 5554 1857 5625 iu,
1875 5567 1955 5622 quom
1971 5552 2096 5610 muana

360 5644 618 5715 magnificentissimi
636 5659 734 5700 noman
752 5642 864 5700 honoris
881 5657 973 5701 causa
984 5642 1104 5713 amabat,
1123 5644 1151 5700 in
1169 5642 1353 5712 professorum
1370 5655 1482 5700 nmero
1500 5655 1554 5697 non
1572 5646 1640 5698 area

1870 5740 1891 5806 3
