5409 7267
2070 962 2115 1031 23

374 1150 487 1229 postea
512 1147 544 1211 in
572 1165 609 1212 eo
638 1147 781 1228 pistrimo
808 1146 923 1213 diutins
954 1148 994 1213 ob
1021 1147 1151 1229 hospitis
1178 1145 1320 1212 difficiles
1350 1152 1453 1211 motus
1482 1147 1586 1211 vivere
1607 1163 1665 1211 nec
1694 1150 1802 1227 posset
1823 1165 1881 1212 nec
1902 1147 2010 1229 vellet,
2034 1166 2054 1216 a
2077 1150 2116 1215 Ι).

374 1246 526 1328 Dionysio
558 1247 597 1312 ab
618 1245 743 1327 Edinga
763 1246 914 1312 lderensis
942 1247 1066 1327 collegii
1094 1246 1273 1328 praeposito
1300 1246 1446 1327 ampliori
1473 1244 1599 1310 scholae
1625 1248 1659 1309 et
1681 1245 1834 1327 eJusmodi
1854 1246 2118 1328 adolescentibus,

374 1344 428 1426 qui
447 1344 608 1410 uberiores
633 1346 667 1410 in
692 1346 809 1412 studiis
830 1346 969 1411 fecerant
990 1363 1190 1427 progressus,
1218 1362 1347 1411 numero
1370 1344 1441 1426 plus
1461 1344 1565 1408 minus
1587 1342 1767 1424 quingentis
1789 1344 1947 1409 adbibitus
1970 1344 2118 1426 docendo,

374 1442 573 1526 disserendo,
600 1444 819 1527 declamando,
850 1444 1025 1510 comoedias
1045 1448 1078 1510 et
1106 1444 1285 1525 tragoedias
1304 1443 1437 1525 publicis
1459 1443 1645 1524 spectaculis
1668 1442 1842 1508 exhibendo
1863 1461 1965 1507 annos
1983 1450 2119 1525 quatuor

374 1542 421 1607 ita
440 1543 622 1623 elaboravit,
644 1548 682 1609 ut
703 1544 891 1625 optimatum
911 1544 1089 1625 cumprimis
1108 1543 1214 1609 inierit
1235 1544 1381 1624 gratiam.
1423 1542 1466 1605 dt
1485 1542 1567 1606 enim
1589 1559 1685 1623 quum
1705 1543 1738 1606 in
1756 1542 1963 1623 Lntheranos,
1984 1544 2031 1609 uti
2053 1548 2120 1610 tnui

257 1665 260 1670 ·
374 1642 524 1723 temporis
551 1641 793 1724 appellabantur
812 1642 874 1723 illi,
902 1642 956 1725 qui
977 1661 1040 1708 non
1061 1643 1218 1708 hominum
1246 1642 1387 1724 placitis,
1416 1640 1474 1706 sed
1503 1657 1665 1705 sacrarum
1693 1641 1854 1707 literarum
1884 1660 1994 1707 norma
2014 1641 2054 1709 dc
2072 1643 2121 1723 iis,

374 1757 457 1821 quae
476 1739 518 1805 ad
538 1740 671 1806 salutem
693 1745 835 1807 nostram
855 1741 1005 1822 attinent,
1027 1741 1267 1806 existimandum
1288 1740 1459 1822 putabant,
1481 1740 1655 1805 saeviretur
1675 1739 1819 1820 maxime,
1840 1744 1874 1805 et
1893 1759 1966 1806 vero
1988 1759 2057 1807 sese
2077 1743 2119 1808 ad

375 1840 547 1907 eorundem
570 1840 745 1906 doctrinam
774 1840 802 1905 is
833 1840 901 1921 ipse
920 1840 1144 1921 composuisset
1162 1839 1296 1922 pridem,
1319 1839 1524 1920 Antuerpiam
1551 1857 1571 1903 a
1592 1838 1818 1904 mercatoribus
1840 1840 2028 1921 quibusdam
2049 1859 2121 1907 evo

376 1943 483 2020 catus,
511 1940 596 2020 quod
624 1938 708 2021 apud
736 1938 1001 2019 Gendavenses1)
1038 1939 1142 2005 omnia
1172 1939 1213 2005 ad
1246 1938 1418 2004 terribilem
1450 1938 1608 2019 quandam
1645 1955 1776 2018 vergere
1804 1939 1987 2004 viderentur
2017 1958 2121 2006 rerum

374 2036 502 2120 faciem,
529 2038 641 2104 lubens
671 2038 795 2121 quidem
815 2039 983 2120 acquievit,
1015 2038 1070 2105 sed
1091 2039 1164 2121 quia
1190 2042 1223 2103 et
1245 2038 1358 2104 ibidem
1387 2038 1421 2103 in
1441 2055 1561 2118 omnes,
1592 2037 1767 2118 dequibus
1790 2037 1950 2104 incidebat
1976 2040 2122 2121 suspicio,

375 2136 536 2204 monacbis
569 2137 767 2204 saeviebatur
801 2139 976 2219 promiscue
1008 2138 1182 2218 cmdelius,
1217 2138 1392 2218 Antnerpia
1426 2154 1551 2218 quoque
1578 2136 1697 2201 relictis
1727 2137 1888 2218 omnibus,
1923 2136 2121 2219 bibliotheca,

377 2236 581 2318 suppellectili
609 2240 643 2302 et
663 2236 783 2317 aliquot
807 2237 997 2304 creditorum
1019 2254 1147 2302 suorum
1173 2235 1429 2318 stipulationibus
1459 2235 1619 2302 daoedere
1640 2239 1769 2301 coactus
1789 2239 1847 2301 est
1891 2235 1943 2302 Sic
1960 2236 2067 2319 itaquo
2087 2237 2121 2302 in

376 2333 543 2400 Saxoniam
563 2336 645 2401 ituro
666 2335 803 2402 occurrit
830 2336 963 2401 fortuito
984 2335 1145 2402 Gerardns
1167 2335 1388 2416 Noviomagus,
1416 2335 1469 2417 qui
1491 2335 1602 2400 eodem
1623 2338 1804 2415 tempores
1828 2334 2013 2418 quibusdam
2032 2334 2121 2401 Prin·

376 2433 496 2516 cipibus
524 2434 753 2516 Wittebcrgam
783 2435 985 2516 mittebatur3
1022 2436 1109 2517 cujus
1136 2434 1195 2499 viri
1225 2433 1450 2500 oonsletudine
1474 2434 1521 2498 ita
1550 2433 1701 2501 delectari
1727 2434 1845 2515 coepit,
1872 2441 1909 2500 ut
1934 2453 2056 2500 omnem
2083 2453 2122 2499 ex

376 2532 480 2600 animo
499 2534 666 2615 projiceret
683 2534 829 2614 protinus
849 2538 882 2599 et
902 2525 1101 2615 abstergeret
1119 2533 1347 2599 solicitudinem
1370 2538 1404 2599 et
1426 2550 1602 2598 moerorem
1623 2549 1760 2597 ererum
1775 2532 1903 2614 jactura
1917 2539 2122 2615 contractum,

377 2632 542 2698 dummodo
569 2631 630 2697 viri
660 2631 745 2697 illius
766 2632 917 2698 comitatu
942 2632 1006 2698 irai
1027 2634 1145 2698 liceret
1188 2632 1399 2714 caeteroquin
1419 2650 1503 2697 anno
1525 2636 1560 2697 et
1580 2630 1738 2697 mensibus
1761 2630 1882 2712 aliquot
1903 2630 2121 2713 Wittebergae

377 2732 504 2813 exacta,
534 2748 630 2811 quum
656 2729 687 2796 S.
709 2731 835 2811 linguae
863 2731 1002 2797 studium
1025 2731 1119 2797 isthic
1146 2731 1349 2814 absolvisset,
1378 2750 1399 2797 a
1426 2730 1568 2813 Philippo
1598 2730 1776 2796 Hassorum
1804 2729 1947 2815 Principe
1975 2735 2123 2797 evocabit

377 2829 584 2912 Marpurgum
602 2844 685 2894 anno
707 2827 907 2911 MDXXVII,
935 2847 996 2912 quo
1015 2830 1094 2896 haec
1114 2848 1197 2895 nova
1221 2830 1423 2912 aperiebatur
1443 2830 1626 2910 Academia,
1654 2829 1709 2895 ubi
1731 2846 1831 2894 uxore
1850 2828 1947 2894 ducta
1967 2829 2016 2895 bis
2037 2847 2123 2895 sum·

376 2946 461 2993 mum
481 2927 707 3009 Magistratum
726 2927 960 2994 administravit
979 2935 1013 2995 et
1029 2929 1078 2994 bis
1096 2929 1223 3011 Decani,
1245 2930 1340 2994 semel
1361 2934 1469 2994 autem
1490 2928 1685 2994 Promotoris
1706 2929 1790 2994 vices
1811 2928 1973 3010 sustinuit,
1995 2929 2053 2994 sed
2075 2929 2122 2995 ita

377 3033 493 3108 umen,
513 3031 551 3091 ut
570 3028 598 3091 si
618 3026 757 3091 animum
777 3044 798 3090 a
818 3028 952 3108 negotiis
972 3027 1103 3109 publicis
1117 3044 1266 3093 sevocare
1279 3026 1398 3108 liceret,
1419 3027 1553 3092 eundem
1563 3032 1631 3093 tam
1645 3027 1687 3092 ad
1700 3025 1800 3109 Jurm,
1822 3043 1916 3108 quam
1932 3027 2122 3111 Theologiae

376 3125 516 3192 studium
535 3124 725 3190 traduceret
775 3125 912 3207 Ideoqne
940 3144 1010 3191 cnm
1037 3130 1174 3209 quatuor
1202 3143 1302 3191 annos
1329 3142 1457 3207 operam
1480 3142 1570 3189 suam
1595 3125 1719 3207 publico
1746 3130 1780 3191 et
1798 3126 1948 3208 privatim
1969 3127 2119 3208 auspiciis

378 3224 575 3308 potissimum
594 3228 629 3289 et
647 3223 745 3290 ductu
765 3223 898 3290 Joannis
919 3225 1059 3291 Ferrarii
1078 3225 1149 3291 hnic
1168 3224 1216 3289 rei
1243 3222 1462 3306 impendisset,
1489 3223 1522 3289 id
1550 3222 1706 3290 indefesso
1731 3229 1917 3291 consecutus
1939 3230 1989 3291 ast
2009 3226 2127 3308 studio,

377 3327 416 3389 nt
434 3340 504 3389 eum
518 3322 670 3404 Princeps
689 3323 749 3389 sibi
769 3323 961 3390 adscisceret
979 3324 1189 3394 consiliarium
1210 3327 1244 3389 et
1264 3323 1348 3400 inter
1359 3322 1529 3388 Dicasterii
1542 3321 1779 3405 Marpurgensis
1792 3324 1978 3389 Assessores
1992 3323 2123 3406 legeret,

374 3422 453 3505 juris
474 3421 573 3488 civilis
600 3421 712 3487 laurea
733 3422 780 3487 XI
799 3423 948 3488 Novemb.
971 3441 1055 3488 anno
1075 3421 1259 3488 MDXXXV
1279 3438 1300 3485 a
1318 3425 1523 3501 praeceptore
1552 3420 1712 3485 donatum.
1754 3421 1872 3487 Verum
1891 3440 1961 3488 cum
1981 3422 2123 3504 sequenti

376 3538 459 3586 anno
474 3520 507 3585 in
526 3519 671 3585 morbum
680 3519 850 3602 incidisset,
868 3538 960 3602 quem
972 3519 1253 3602 peripneumonian
1265 3525 1389 3600 vocant,
1406 3518 1652 3600 praevalentavi
1667 3519 1768 3585 morbi
1780 3520 1814 3584 in
1828 3520 1931 3585 medlo
1947 3521 2123 3586 studiorum

376 3625 410 3685 et
424 3623 539 3685 aetatis
552 3617 696 3683 florentis
709 3636 810 3695 cumn
830 3636 923 3701 quum
936 3618 1076 3684 nondum
1094 3618 1287 3699 trigesimum
1298 3618 1425 3683 tertium
1437 3616 1555 3683 aetatis
1569 3618 1785 3699 complevisset
1801 3635 1928 3700 annum,
1942 3618 2124 3685 denuscitur

376 3717 502 3797 eodem,
528 3735 592 3799 quo
619 3721 715 3781 natus
736 3715 842 3781 fuerat
868 3734 975 3782 mense
994 3716 1199 3782 authoritatis
1224 3720 1258 3781 et
1277 3715 1465 3797 prudentiae
1486 3733 1563 3781 suae
1590 3716 1779 3782 desiderium
1799 3716 1926 3797 optimis
1949 3716 2123 3800 quibusque

375 3816 452 3881 viris
480 3815 667 3895 relinquens.
709 3814 895 3879 Parentavit
922 3816 951 3879 ei
979 3816 1013 3879 in
1031 3813 1233 3878 Elisabethae
1260 3814 1395 3897 templo,
1422 3814 1477 3880 ubi
1504 3815 1651 3882 conditus
1678 3819 1744 3897 est,
1778 3814 1925 3881 Nicolaus
1950 3815 2122 3899 Asclepius

378 3913 470 3994 Quod
490 3913 532 3978 ad
551 3913 669 3994 scripta
689 3914 822 3994 attinet,
844 3913 877 3977 in
899 3930 1024 3994 eorum,
1044 3913 1098 3994 qui
1116 3913 1175 3977 hoc
1200 3912 1378 3978 studiorum
1398 3931 1516 3995 genere
1543 3914 1696 3980 delectari
1717 3918 1962 3997 consueverunt,
1980 3914 2124 3983 manibus

377 4016 545 4080 versantur
565 4011 637 4077 libri
655 4011 731 4093 dno,
760 4012 841 4079 alter
869 4011 908 4078 de
936 4012 1106 4080 literarum
1129 4030 1239 4077 vocum
1266 4018 1297 4077 et
1316 4019 1501 4079 amenmaaa
1521 4013 1756 4080 Hebraicoram
1775 4020 1898 4080 natura
1927 4031 1966 4079 ax
1996 4014 2123 4094 optimis

378 4111 539 4195 quibusvis
558 4110 750 4176 Rabinorum
770 4111 1000 4176 commentariis
1022 4110 1188 4191 collectus,
1215 4114 1249 4176 et
1276 4111 1540 4179 deservientium
1560 4113 1731 4179 literanam
1758 4114 1876 4195 officim
1896 4112 1994 4193 alter,
2023 4112 2124 4195 deque

378 4212 492 4279 urbere
512 4210 803 4293 cmisaaqaiaitatis
823 4214 861 4276 ut
882 4215 995 4275 vocant
1015 4203 1219 4291 scripturn’).
1260 4208 1427 4277 Habentur
1440 4211 1683 4294 etiamejusdem
1703 4212 1927 4284 reproperata
1942 4212 2124 4279 Salomonis

378 4316 613 4380 commeatum

862 4407 903 4462 Et
920 4407 946 4462 si
960 4407 1049 4476 plara
1067 4406 1144 4462 Deras
1164 4408 1304 4464 inbuisset
1321 4413 1446 4477 tempora
1463 4408 1545 4474 citae,

897 4493 1032 4547 Forsitan
1050 4493 1102 4548 boc
1115 4492 1207 4561 mador
1222 4509 1300 4548 acmo
1314 4492 1433 4561 fatam
1452 4499 1520 4548 crat.

864 4577 917 4633 Sed
935 4577 1003 4648 quid
1019 4594 1075 4634 non
1094 4579 1367 4640 meantesque
1382 4579 1497 4635 sanaim
1515 4576 1643 4636 Parcae?

904 4663 960 4718 Via
979 4669 1070 4717 ortam
1087 4664 1177 4720 sabito
1191 4665 1261 4734 fata
1279 4666 1364 4720 tulere
1379 4666 1483 4721 cirum

379 4751 483 4837 inqnit
504 4750 646 4836 Nigidius
668 4751 700 4815 in
721 4748 939 4817 Professorum
959 4748 1104 4815 Elencho.

740 5023 938 5092 Gerardus
964 5024 1267 5091 Geldenbaurius
1294 5024 1555 5105 Noviomagus
1584 5022 1755 5089 Geldrus.

501 5187 604 5253 Natus
626 5191 676 5251 est
702 5191 795 5267 patre
822 5187 960 5269 eJusdem
979 5188 1113 5252 nominis
1134 5188 1244 5253 itidem
1266 5186 1395 5268 Galdro,
1426 5187 1548 5253 duobus
1578 5186 1725 5252 Geldriae
1748 5185 1941 5269 Principibus
1963 5186 2122 5270 dmolpbo

380 5293 414 5354 et
431 5286 575 5368 adolpho
597 5304 617 5351 a
635 5285 785 5366 cubiculo,
804 5291 908 5353 matre
932 5285 1072 5352 Richilde
1092 5286 1217 5368 BoJara,
1236 5285 1344 5369 (vulgo
1370 5285 1513 5369 bauain)
1535 5285 1739 5367 Noviomaga,
1761 5285 1849 5367 cnjus
1869 5304 1948 5352 avus
1970 5291 2124 5367 paternus

485 5523 513 5593 1)
531 5522 576 5577 Sia
594 5522 723 5591 scriptum
741 5526 839 5577 exsut.

484 5609 514 5679 2)
530 5609 579 5664 Vv.
597 5608 683 5677 deque
701 5639 734 5648 —
753 5608 887 5677 scriptum
905 5607 935 5661 in
948 5607 1069 5675 margine
1083 5612 1191 5677 postea,
1207 5612 1238 5661 ut
1255 5604 1368 5670 videtur,
1388 5607 1423 5662 ab
1440 5606 1527 5675 ipsius
1545 5606 1658 5662 Dilicbii
1676 5621 1758 5662 mann
1776 5604 1870 5663 addita
1887 5612 1956 5663 aunt
