5409 7267
808 1831 1138 1908 ruerusseuus
1169 1834 1204 1907 s.
1234 1834 1269 1907 s.
1305 1834 1663 1926 nnseuoamau.

952 2011 1176 2077 Franciseus
1205 2011 1428 2078 Lambertus
1456 2012 1517 2077 Th.

487 2174 706 2239 avinionensis
731 2172 842 2239 Gallus
872 2174 922 2241 hie
950 2180 1015 2255 est,
1044 2175 1092 2241 eui
1120 2193 1192 2241 eum
1220 2181 1331 2241 renata
1356 2176 1490 2258 primum
1519 2178 1552 2241 in
1572 2175 1741 2242 Germania
1769 2173 1934 2257 Evangelii
1963 2174 2107 2241 doctrina

364 2271 507 2338 veritatis
533 2272 587 2338 lux
615 2271 803 2354 affulsisset,
832 2273 1024 2339 orthodoxae
1051 2273 1211 2354 religionis
1239 2275 1339 2356 magis
1365 2276 1528 2356 magisque
1554 2273 1783 2357 propagandae
1809 2272 1916 2339 studio
1940 2272 2106 2355 praecipue

363 2372 507 2438 incensus
528 2388 597 2437 sese
616 2372 789 2437 monastica
810 2371 894 2453 vita,
914 2391 1008 2455 quam
1023 2373 1162 2454 juvenis,
1183 2377 1219 2438 ut
1241 2373 1273 2436 iu
1296 2374 1363 2438 ecio
1386 2392 1458 2440 cum
1477 2373 1633 2455 dignitate
1654 2373 1775 2441 versari
1792 2376 1918 2454 posset,
1946 2372 2106 2454 ingressus

362 2470 480 2550 fuerat,
510 2469 684 2552 abdicavit,
710 2474 744 2535 et
764 2471 846 2536 inter
866 2470 985 2553 primos
1004 2472 1037 2535 in
1056 2471 1172 2536 Hassia
1201 2471 1364 2551 Evangelii
1393 2471 1538 2538 doctores
1565 2477 1599 2538 et
1624 2472 1873 2553 Marpurgenses
1900 2468 2107 2551 professores,

363 2587 434 2634 eum
453 2568 528 2634 Julii
550 2567 696 2634 Calendis
715 2568 793 2635 haec
815 2574 926 2635 nostra
946 2570 1111 2635 academia
1123 2569 1155 2652 ¹)
1176 2572 1363 2652 aperiretur,
1382 2572 1482 2652 primo
1496 2571 1632 2636 Rectore
1649 2571 1770 2636 Joanne
1786 2567 1933 2634 Ferraria
1946 2567 2107 2648 Montano,

363 2671 397 2732 et
410 2666 530 2732 additis
547 2666 646 2732 eidem
660 2667 789 2747 collegis
800 2668 925 2733 Eurieio
941 2666 1053 2749 Cordo,
1068 2668 1247 2734 Hermanno
1261 2668 1406 2750 Busehie,
1427 2669 1545 2734 Th0ma
1556 2670 1685 2751 Zegero,
1707 2666 1849 2734 Gerarde
1861 2665 2054 2747 Noviomago
2067 2665 2107 2747 ⁸),

362 2764 484 2831 Joaune
495 2765 659 2847 Lonieere,
682 2766 867 2832 Sebastiano
882 2767 1026 2848 Augusto
1047 2772 1080 2831 et
1094 2767 1272 2833 Reinhardo
1287 2767 1479 2833 Hadamario
1491 2768 1521 2850 ⁴)
1545 2767 1669 2850 publice
1690 2764 1820 2832 docendi
1834 2779 1947 2829 munus
1957 2763 2105 2846 suscepit.

362 2862 515 2928 Vicesimo
535 2879 658 2945 quoque
677 2863 778 2946 primo
797 2864 942 2931 Octobris
964 2865 1143 2948 ejusdem³)
1165 2867 1239 2931 anni
1259 2866 1428 2932 MDXXVI
1448 2866 1489 2931 ad
1510 2866 1678 2948 synodum,
1700 2882 1794 2946 quam
1814 2862 1932 2930 decreti
1951 2862 2107 2944 Spirensis

362 2979 481 3026 memor
492 2960 654 3043 Phihppns
675 2962 769 3027 heros
788 2961 979 3045 instituerat,
1000 2962 1159 3045 profectus
1182 2965 1296 3032 CLIIX
1314 2964 1475 3046 paradoxa
1495 2964 1667 3030 secundum
1686 2963 1817 3029 verbum
1832 2962 1891 3027 Dei
1910 2960 2108 3028 discutienda

361 3060 526 3142 proposuit
553 3078 720 3142 eorumque
747 3062 912 3126 veritatem
941 3062 1055 3127 Latino
1085 3061 1221 3128 aasennt
1245 3079 1389 3128 sermone
1420 3062 1461 3128 ab
1491 3061 1612 3127 Ademo
1640 3061 1776 3127 cratone
1804 3060 1974 3128 vernacule
2000 3060 2108 3141 lingua

363 3158 524 3224 defensam
552 3163 647 3240 atque
674 3158 843 3224 aNieolao
873 3159 1019 3225 Herhorn
1044 3159 1239 3237 Minorita0)
1269 3178 1434 3242 perperam
1461 3161 1688 3241 impugnatam.
1738 3160 1827 3224 Inter
1854 3158 1987 3223 hominis
2006 3157 2107 3223 Lucu·

362 3257 520 3323 brationes
540 3261 652 3323 extant
669 3258 843 3324 etiamnum
859 3258 1095 3326 Commentario
1115 3261 1151 3326 in
1172 3261 1338 3327 duodecim
1352 3260 1534 3342 Prophetas
1550 3259 1698 3326 dilueres
1714 3264 1745 3325 et
1755 3257 1969 3341 Evaupdu'um
1982 3256 2107 3323 Lucae:

362 3372 419 3420 nec
438 3373 501 3420 non
522 3356 555 3419 in
571 3354 738 3423 Canticum
756 3356 974 3425 Cautieorum:
996 3358 1050 3424 De
1070 3358 1207 3425 arbitrio
1227 3360 1366 3425 bominis
1387 3360 1527 3440 captivo:
1546 3357 1601 3423 De
1621 3377 1714 3423 sacro
1733 3364 1764 3422 et
1775 3357 1873 3439 fideli
1894 3356 2041 3439 conjugio
2062 3353 2107 3420 ad

361 3454 564 3519 Francorum
584 3456 715 3538 Reperu:
737 3456 888 3539 Farrago
908 3478 1016 3521 rerum
1040 3458 1315 3540 Tbeolepr'carnm:
1336 3458 1481 3539 Repulae
1502 3457 1755 3521 Minoritarum:
1783 3453 1837 3520 De
1857 3453 1986 3537 Suenda
2007 3454 2106 3519 Haur-

363 3553 457 3636 burgi
474 3553 652 3619 Hessorum
667 3574 732 3634 pro
751 3555 980 3636 reformatione
1000 3554 1222 3621 Emlesiarum
1241 3555 1371 3635 babita5
1400 3559 1434 3618 et
1461 3554 1597 3635 denique
1618 3551 1802 3618 Histmuela
1828 3552 1983 3634 supplicii
2010 3553 2106 3634 ignia

361 3672 423 3733 pue
444 3650 533 3731 apud
550 3650 712 3717 Metenses
732 3653 866 3736 affectus
878 3654 953 3736 fuit
970 3653 1114 3719 «Ioannes
1138 3653 1350 3719 Castellauua
1399 3651 1488 3716 Fatis
1511 3651 1664 3717 concessit
1684 3649 1876 3716 Lambertus
1904 3667 1989 3715 anno
2010 3666 2106 3714 aerae

362 3748 560 3815 Christianae
579 3749 733 3814 MDXXX
755 3750 871 3832 Aprilis
893 3751 944 3816 die
965 3751 1057 3820 XIIX
1084 3752 1115 3815 in
1136 3750 1273 3816 statione
1294 3767 1352 3815 sua
1373 3748 1538 3831 Marpurgi
1566 3754 1601 3815 et
1626 3747 1669 3813 ad
1690 3748 1729 3814 D.
1752 3746 1936 3813 Michaelem
1955 3746 2105 3814 humatus

361 3851 426 3913 est:
450 3846 501 3912 eui
521 3846 589 3913 Jae.
613 3847 749 3929 Thysius
770 3848 819 3914 his
841 3848 982 3914 versibus
1003 3848 1183 3930 parentavit

791 3946 928 4001 Anniam
947 3950 1026 4001 satus
1042 3947 1238 4015 manachorum
1255 3960 1290 4000 ee
1308 3944 1405 4000 ordine
1416 3945 1542 4015 fratrum

826 4032 991 4087 Lambertue
1008 4046 1119 4087 caruem
1136 4030 1303 4100 Pontificum
1317 4030 1431 4099 furuae:

792 4116 958 4172 Romulidae
975 4116 1090 4173 demum
1107 4118 1229 4172 Lernam
1244 4121 1372 4184 notoque
1389 4115 1495 4170 cunella

826 4202 955 4258 mserum
969 4218 1062 4257 ueram
1075 4208 1187 4272 pectere
1205 4208 1232 4257 et
1249 4216 1296 4257 ore
1307 4200 1402 4269 fidem.

793 4287 845 4354 Ite,
863 4289 913 4353 ait,
931 4303 947 4342 o
965 4287 1126 4343 malesuada
1143 4288 1241 4344 cohors
1256 4287 1386 4341 tumere
1403 4286 1543 4351 barathro,

829 4374 889 4442 Quo
907 4389 957 4428 ees
971 4375 1141 4444 praecipites
1163 4373 1293 4429 Cerberus
1310 4378 1371 4426 ater
1390 4372 1466 4441 apii:

791 4458 833 4515 m
850 4458 933 4513 amul
951 4458 1066 4513 ltaliam
1078 4459 1199 4529 sapiens,
1218 4465 1268 4515 tua
1285 4473 1368 4513 sacra
1382 4456 1531 4526 professus

827 4544 930 4614 Magne
947 4544 1081 4615 Pbrlippe
1100 4544 1214 4600 &luciae
1233 4544 1343 4599 Martia
1356 4541 1382 4611 ⁷)
1403 4546 1473 4596 tecta
1486 4540 1567 4611 petit.

468 4744 495 4814 1)
514 4744 593 4799 Vitas
611 4742 800 4811 theologorum
818 4741 988 4799 Dilichienas
1001 4743 1054 4800 etsi
1065 4744 1111 4799 Je.
1126 4743 1300 4800 Tilenaunns
1313 4740 1430 4798 inseruit
1441 4739 1520 4811 libra,
1540 4754 1621 4810 quem
1632 4738 1667 4795 de
1678 4740 1741 4796 ritis
1750 4740 1936 4813 professorum
1947 4736 2103 4807 theologiae

361 4828 597 4899 iderburgeusium
615 4826 857 4883 annccxxvn
876 4827 963 4883 edidit
980 4829 1017 4898 (v.
1035 4828 1121 4897 praef.
1139 4828 1267 4884 editionis
1285 4828 1417 4896 noemae),
1434 4832 1525 4881 tamen
1542 4826 1596 4881 hoe
1614 4825 1676 4881 loeo
1694 4840 1749 4882 neu
1766 4825 1921 4882 censuimus
1940 4821 2103 4879 omittendas

362 4931 431 4985 ease,
449 4916 741 5068 unjhtllzefficzsimmigt
757 4913 871 4970 Diliehii
889 4914 959 4969 liber
975 4929 1078 4969 summa
1097 4930 1151 4984 qua
1171 4914 1230 4970 fieri
1249 4919 1344 4984 posset
1361 4913 1504 4982 diligentie
1521 4911 1681 4980 detemptus.

463 5087 489 5152 3)
507 5085 598 5139 Minus
615 5089 742 5139 accurate
759 5083 909 5139 Gerardum
927 5084 1158 5141 (reidenhaurium
1183 5086 1255 5140 inter
1277 5086 1380 5154 primos
1398 5084 1568 5153 professores
1584 5084 1683 5153 reiert,
1701 5084 1749 5152 qai
1767 5082 1875 5140 demun
1894 5098 1918 5138 a
1937 5077 2101 5135 nnxxxn

361 5170 502 5238 Marburgl
519 5168 649 5225 consedit
1401 5200 1403 5204 ,

464 5257 495 5323 4)
513 5255 575 5310 Seh.
594 5258 666 5321 Aug.
683 5253 842 5309 Nouzenum
859 5257 887 5308 et
903 5252 1087 5309 Reinhardum
1107 5253 1263 5309 Lorichium
1281 5252 1354 5309 dicit.

463 5342 492 5406 b)
509 5339 683 5409 Negligenter
699 5339 752 5394 hoe
771 5338 881 5408 scripsit
897 5339 966 5407 Dii,
993 5355 1054 5395 eum
1077 5338 1218 5396 madenia
1235 5344 1332 5407 aperte
1347 5339 1386 5395 ait
1404 5353 1428 5393 a
1445 5337 1610 5396 nnxxvn
1633 5344 1697 5409 pon
1719 5339 1851 5409 synodum
1869 5340 2101 5410 Hombergensem

362 5441 432 5481 anno
451 5425 591 5494 superiore
605 5424 733 5479 habitam.
1195 5481 1200 5502 g

465 5512 494 5578 6)
513 5511 572 5564 Hoc
589 5510 650 5566 loco
666 5510 783 5579 spatium
801 5510 881 5564 inane
899 5514 988 5564 exstat
1004 5509 1115 5577 imagini
1134 5508 1326 5578 exprimendae
1343 5510 1527 5564 constitutum.

465 5597 494 5663 7)
512 5595 623 5650 Scilicet
639 5594 779 5665 Marpurgi
794 5610 891 5651 nomen
909 5611 926 5649 a
944 5594 1034 5649 Marte
1053 5594 1135 5648 ducit.
