5409 7267
848 1077 1016 1142 Erardus
1046 1075 1274 1157 Schnepiius
1300 1076 1630 1159 Haitprunnensis.

491 1241 662 1306 Primanus
685 1239 873 1321 Thealogiae
895 1237 1058 1303 Professor
1078 1236 1325 1320 facundissimae,
1345 1241 1461 1305 artium
1480 1241 1636 1324 Magister
1648 1243 1877 1310 Baccalaureus
1897 1246 1980 1311 inter
1995 1248 2112 1327 prirnos

370 1341 558 1406 Academiae
571 1358 717 1424 proceres
731 1339 935 1405 Rectoratum
956 1338 1054 1418 gessit
1074 1356 1157 1403 anno
1171 1338 1354 1405 MDXXXII
1373 1340 1485 1422 prima,
1506 1360 1543 1406 aa
1564 1342 1701 1407 secunda
1721 1342 1788 1409 uice
1805 1362 1888 1409 anno
1904 1344 2112 1411 MDXXXIV.

368 1442 597 1523 Doctoremque
623 1439 813 1521 Theologiae
843 1440 874 1503 in
914 1438 973 1503 hac
1001 1437 1169 1502 Academia
1199 1439 1331 1519 primum
1367 1440 1563 1505 renunciavit
1590 1440 1771 1508 Lonicemm
1786 1443 1822 1525 ¹).
1873 1443 1960 1509 Obiit
1987 1445 2114 1511 tandem

367 1540 467 1606 ienae
494 1541 535 1605 ad
558 1539 665 1607 Salam
691 1539 927 1621 clymacterious
953 1556 1036 1602 anno
1066 1536 1218 1603 MDLllX
1242 1538 1343 1618 primo
1366 1538 1551 1604 Novembris
1582 1540 1647 1621 die,
1678 1543 1727 1607 cui
1753 1543 1871 1608 exuviis
1900 1545 2003 1610 soluto
2031 1563 2114 1609 ruror-

368 1639 483 1704 talibus
505 1639 562 1704 hoc
583 1639 713 1720 reliquit
733 1638 917 1705 Eneomium
939 1635 1082 1717 Nigidius

853 1735 980 1805 Senepflus
997 1736 1128 1804 aequauit
1144 1734 1215 1789 clari
1234 1735 1425 1790 Demosthenis
1443 1754 1502 1801 ora,

887 1822 923 1875 Ia
941 1837 1021 1876 sacro
1035 1821 1144 1889 faceret
1161 1838 1221 1875 cum
1239 1838 1320 1876 sacra
1337 1822 1420 1876 uerba
1438 1822 1506 1877 loeo.

853 1906 910 1961 Hie
927 1907 1087 1962 eruditorum
1105 1922 1153 1962 cett
1172 1907 1298 1962 Gallicus
1318 1908 1464 1977 Opmius²l
1482 1926 1564 1965 aures

890 1994 998 2058 Traxit,
1017 2010 1071 2063 quo
1090 1994 1170 2048 uellet
1188 1995 1238 2048 bos
1255 2010 1308 2048 sua
1325 1995 1408 2049 uerba
1425 1997 1503 2064 sequi
1514 1997 1550 2064 ⁸).

854 2081 889 2135 lu
911 2079 1049 2135 Oatbedra
1067 2086 1165 2134 orator
1182 2095 1230 2133 ceu
1247 2081 1358 2149 spicula
1370 2081 1435 2149 siaa
1454 2082 1573 2150 reliquit,

887 2166 984 2221 Iustus
1001 2166 1067 2236 opis
1084 2172 1197 2220 meuoetu
1215 2182 1284 2234 quac
1303 2168 1414 2235 tetiam
1425 2170 1448 2234 ⁴)
1466 2167 1571 2221 botrani.

855 2251 990 2307 Facurtclo
1007 2251 1108 2307 itascilit
1125 2252 1211 2306 Pitho
1229 2251 1391 2306 ammobilia
1409 2253 1460 2318 ori,

888 2337 929 2392 Et
945 2344 1029 2392 uorat
1045 2338 1115 2391 miro
1134 2337 1216 2391 uerba
1235 2343 1330 2392 tonare
1346 2337 1437 2403 modo,

858 2422 1000 2478 Tracta-cit
1014 2439 1086 2494 pure
1103 2422 1264 2492 scripturae
1280 2423 1395 2478 oracula
1415 2423 1539 2480 Sanctae.

890 2507 999 2564 Scilicet
1013 2511 1150 2579 interpres
1168 2508 1288 2575 sedulus,
1306 2511 1431 2564 ceincias.

856 2595 1032 2663 Liupuarmu
1049 2594 1130 2650 donis
1145 2596 1222 2664 queis
1234 2597 1258 2660 δ)
1275 2611 1332 2649 aaa
1351 2595 1480 2650 excelluit
1497 2594 1562 2648 ille?

891 2680 1010 2737 Sustulit
1029 2682 1082 2736 beas
1099 2696 1227 2751 mapulam
1244 2696 1318 2736 mors
1337 2682 1492 2737 tmcaleuta
1509 2682 1605 2736 uiuunt.

908 3011 1082 3078 Andreas
1112 3013 1305 3081 Gerardus
1333 3010 1576 3094 Hyperius0).

496 3190 646 3272 Hyperis,
681 3189 797 3272 inclyto
832 3190 1000 3257 Flandriae
1029 3192 1159 3276 oppido,
1194 3200 1289 3259 natus
1322 3191 1433 3258 Mlllll
1463 3191 1495 3257 S.
1531 3208 1612 3255 anno
1649 3193 1738 3271 patre
1776 3207 1947 3271 synonymo
1982 3189 2116 3267 Andrea,

371 3287 544 3354 clarissimo
565 3288 683 3354 ibidem
707 3289 778 3371 jnre
806 3292 968 3372 consulto,
994 3298 1218 3375 praeterquam
1244 3294 1326 3375 quod
1353 3292 1476 3374 patriae
1496 3290 1664 3371 Gymnasia
1697 3288 1834 3369 aliquam
1861 3288 1959 3352 multa
1978 3292 2117 3353 sectatus

372 3388 487 3452 artium
510 3387 617 3452 studia
635 3405 653 3451 e
674 3387 815 3453 fontibus
834 3389 954 3469 hausit,
981 3391 1112 3455 Parisiis
1134 3410 1256 3474 quoque
1282 3397 1315 3456 et
1339 3392 1470 3457 Lovanii
1490 3388 1707 3470 Philosophiae
1729 3406 1767 3453 ac
1788 3387 1977 3467 Theologiae
2004 3385 2116 3452 studiis

372 3504 407 3550 se
429 3491 532 3550 totum
552 3486 689 3567 dedidit,
717 3491 754 3551 ut
782 3504 859 3568 agm
888 3506 950 3552 non
969 3489 1065 3553 semel
1085 3496 1192 3571 emto,
1222 3491 1278 3555 sed
1308 3496 1424 3555 novato
1453 3495 1486 3553 et
1513 3488 1629 3552 iterato
1658 3486 1803 3551 meliores
1832 3485 1934 3550 foetus
1956 3489 2065 3566 posset
2085 3488 2118 3549 et

371 3582 555 3664 grandiores
576 3584 678 3649 edere.
720 3584 835 3650 Postea
858 3584 920 3668 [ut]
936 3589 966 3668 2)
989 3587 1110 3669 Ulyssis
1129 3588 1286 3653 Homerici
1300 3590 1405 3652 instar
1419 3586 1586 3652 multorum
1601 3585 1758 3649 homiuum
1779 3582 1874 3648 urbes
1896 3588 1992 3663 atque
2014 3600 2118 3648 mores

371 3683 582 3764 perspiceret,
611 3682 735 3747 Italiam
755 3682 820 3748 fere
840 3685 1035 3765 uniuersam,
1057 3687 1194 3768 itemque
1217 3686 1367 3766 Galliam,
1389 3685 1575 3765 Hispaniam
1590 3683 1621 3765 8)
1651 3688 1684 3747 et
1705 3682 1900 3747 Britanniam
1927 3682 2116 3763 peragravit.

372 3781 503 3846 minum
524 3797 652 3862 operam
679 3799 770 3845 suam
792 3799 874 3847 anno
894 3781 1049 3848 MDXLII
1066 3783 1225 3850 Ecclesiae
1251 3788 1284 3849 et
1305 3783 1494 3849 Academiae
1514 3781 1736 3863 Marpurgensi
1761 3779 1884 3845 addixit
1909 3785 1943 3844 et
1963 3780 2117 3862 susceptis

372 3880 503 3945 summis
524 3880 558 3944 in
579 3879 766 3961 Tbealogica
785 3879 954 3964 facultate,
981 3882 1151 3949 Draconite
1171 3882 1331 3948 Brabeuta
1344 3883 1390 3963 ⁹),
1416 3880 1585 3947 honoribus
1614 3880 1749 3945 maximo
1774 3878 1898 3944 fervore
1923 3880 1956 3943 in
1977 3878 2118 3945 Ecclesia

373 3984 407 4044 et
427 3979 532 4044 schola
560 3996 668 4045 sacras
690 3979 798 4046 literas
828 3981 949 4062 docuit,
975 3981 1165 4063 easdemque
1192 3982 1317 4064 scriptis
1346 3981 1483 4062 pariter,
1510 3980 1542 4044 in
1570 3980 1684 4061 quium
1711 3978 1762 4044 vel
1788 3978 1956 4060 praecipue
1984 3978 2117 4044 hominis

373 4079 517 4143 doctriua
545 4078 661 4143 eminet
693 4082 789 4160 atque
820 4078 993 4161 industria,
1029 4081 1219 4161 illustrarit,
1255 4100 1272 4146 e
1310 4079 1425 4162 quibus
1458 4085 1532 4144 sunt
1566 4076 1820 4144 Oauueeutarias
1850 4078 1889 4143 de
1920 4076 2117 4143 honorandis

374 4177 634 4261 Magistratibas,
656 4177 689 4242 in
713 4195 774 4258 quo
792 4176 934 4245 Pselmus
949 4178 1009 4243 llll
1031 4184 1214 4245 enarratur:
1236 4180 1313 4245 item
1333 4182 1370 4244 iu
1387 4178 1554 4245 Psalmum
1570 4176 1644 4242 ΧΠ
1664 4176 1749 4242 etin
1766 4175 1936 4258 Epistolas
1956 4175 2117 4242 Pauliuas

379 4336 478 4343 -οικ-

479 4442 503 4506 1)
522 4439 605 4494 Hrrat
616 4438 679 4508 Dii,
695 4437 730 4493 ad
747 4446 854 4507 petrem
863 4439 1000 4495 Erurdum
1016 4441 1138 4496 reterens
1158 4440 1231 4508 quod
1252 4440 1286 4495 ad
1300 4439 1386 4494 tilium
1398 4438 1597 4495 ‘theodoricum
1607 4440 1732 4508 pertinet.
1769 4438 1891 4495 Faardus
1905 4440 1966 4507 ipse
1977 4437 2117 4506 Tabingaa

375 4524 480 4579 dentum
498 4524 654 4593 theologiae
672 4522 767 4579 doctor
786 4530 893 4581 creatus
912 4532 962 4593 est,
981 4526 1027 4581 ubi
1046 4542 1070 4581 a.
1089 4526 1239 4581 ltlDXLlll
1263 4526 1461 4596 professionem
1480 4526 1661 4594 theologicam
1678 4531 1845 4595 susceperat
1882 4524 1921 4578 Cf.
1940 4522 2028 4576 Adam
2046 4521 2118 4578 ritae

374 4611 499 4665 German.
517 4609 602 4665 theol.
621 4609 717 4679 (1620)
735 4626 762 4679 p.
781 4610 840 4679 323,
859 4612 905 4682 qui
925 4612 1011 4667 multo
1029 4611 1235 4668 luculentiorem
1254 4610 1287 4667 de
1305 4610 1408 4680 Snepiii
1427 4612 1483 4665 sits
1501 4611 1683 4665 narrationem
1700 4609 1818 4665 exhibet

477 4698 503 4762 2)
522 4692 716 4764 SieNigldius3
738 4694 792 4749 Dil.
811 4696 880 4753 falso
899 4698 1009 4767 scripsit
1022 4698 1133 4767 Opsius.
1169 4699 1293 4768 Ogmium
1310 4698 1401 4752 Celtas
1419 4698 1561 4767 appellare
1575 4696 1729 4764 Herculem,
1748 4696 1885 4752 Lucienus
1903 4693 1987 4749 tradit
1998 4693 2078 4748 Hora.
2094 4697 2117 4746 l.

478 4782 508 4849 3)
525 4780 615 4836 Luam
631 4781 763 4850 imaginis.

476 4867 507 4935 4)
527 4865 592 4920 Cod.
612 4872 732 4937 tetepere.

476 4954 506 5020 b)
526 4952 608 5021 Apud
626 4951 766 5022 Nigidium
782 4968 809 5021 p.
828 4953 860 5007 31
880 4952 980 5021 legitur
998 4970 1075 5023 quos.

477 5040 507 5109 6)
529 5039 622 5094 Etiam
646 5040 675 5093 in
698 5040 750 5094 hac
773 5039 828 5094 uite
859 5037 1038 5095 describenda
1060 5040 1115 5096 Dii.
1140 5041 1258 5095 maxime
1281 5056 1346 5096 usus
1375 5046 1418 5096 eet
1441 5040 1596 5096 Baisserdo.
1640 5040 1735 5109 Nuper
1758 5038 1792 5094 de
1819 5036 1939 5107 Hyperia
1962 5035 2018 5103 egit
2045 5032 2117 5088 Gaii.

375 5124 505 5193 Mangold
522 5124 655 5196 peculiari
674 5123 858 5193 disputatione
875 5125 914 5179 in:
932 5125 1072 5181 Deuuohe
1087 5125 1243 5181 zeitschrift
1261 5125 1279 5180 i.
1297 5127 1401 5183 ehmstl.
1420 5127 1587 5183 wissensch.
1609 5129 1682 5181 tuot.
1703 5125 1736 5180 N.
1755 5125 1869 5180 30-32.

480 5211 509 5280 7)
523 5212 557 5265 V.
573 5218 603 5266 ut
621 5211 650 5265 in
667 5210 726 5265 cad.
745 5209 856 5278 quidem
875 5216 1047 5279 expunctum,
1066 5210 1115 5267 sed
1133 5212 1316 5267 necessatium
1334 5219 1384 5267 est.

478 5301 510 5360 8)
526 5298 569 5351 De
587 5297 722 5365 Hispania
739 5294 846 5351 dubitat
864 5296 959 5351 Tilem.
978 5312 1006 5365 p.
1026 5300 1073 5367 56,
1101 5297 1229 5366 quoniam
1247 5296 1400 5366 Wigandus
1418 5298 1529 5354 Orthiae
1545 5297 1574 5352 in
1592 5296 1715 5351 oratione
1731 5294 1765 5349 de
1782 5292 1839 5347 sita
1859 5305 1892 5345 ae
1909 5288 1987 5345 obitu
2002 5286 2117 5358 Hyperii

375 5383 470 5439 habita
489 5382 523 5436 de
542 5384 640 5438 itinere
659 5381 808 5450 Hispanico
826 5382 894 5437 nihil
911 5382 1002 5438 habet.
1038 5382 1092 5439 Dil.
1110 5383 1284 5439 Boissardum
1303 5384 1434 5451 sequitur.

479 5472 508 5534 9)
526 5470 655 5523 Errorem
679 5468 791 5522 bilichii
815 5468 918 5523 natavit
941 5468 1050 5538 Tilem.,
1079 5486 1141 5525 cum
1164 5469 1283 5525 doctoris
1308 5469 1426 5524 honores
1453 5484 1477 5523 a.
1502 5464 1621 5520 MDLlIl
1649 5481 1666 5519 a
1697 5464 1742 5519 Jo.
1767 5462 1925 5517 l'ilemauno
1955 5455 2118 5514 Sehuabelio

377 5554 545 5610 Alsteldiana
564 5555 591 5607 in
610 5554 759 5624 Hyperium
777 5554 871 5609 collati
889 5555 950 5608 sint.

1910 5647 1954 5709 4.
