5409 7267
1125 1217 1322 1300 Philippus
1347 1216 1569 1285 Dorstenius
1622 1213 1624 1218 ’

579 1369 812 1452 Marpnrgensis
832 1375 925 1437 natus
938 1375 1029 1452 patre
1041 1369 1161 1437 Medioo
1185 1375 1218 1436 et
1234 1369 1420 1452 Philosopho
1433 1369 1475 1435 ad
1488 1370 1594 1437 studia
1606 1368 1729 1452 appulit
1747 1373 1780 1435 et
1798 1370 1866 1452 ipse
1885 1370 2032 1436 animum
2074 1368 2210 1451 Ideoque

480 1488 553 1536 oum
574 1470 762 1552 percepisset
780 1488 835 1550 ea,
863 1488 946 1552 quae
973 1469 1092 1537 isthaec
1116 1474 1206 1537 aetas
1233 1467 1356 1537 terebat
1383 1475 1417 1535 et
1436 1469 1481 1535 illi
1502 1469 1644 1552 inpn‘mis
1665 1469 1841 1536 neoesaama
1862 1475 1954 1551 sunt,
1980 1469 2048 1553 qui,
2075 1486 2158 1550 quae
2179 1469 2212 1534 in

480 1574 595 1637 natura
622 1577 745 1638 retrusa
774 1575 847 1638 sunt
874 1576 909 1637 et
930 1570 1054 1651 abdita,
1092 1587 1186 1636 nosse
1214 1569 1315 1651 eupit,
1351 1569 1394 1634 ad
1421 1569 1689 1651 peregrinationes
1716 1570 1832 1652 aetjeoit
1857 1570 2010 1651 animum,
2050 1568 2146 1650 idque
2174 1586 2212 1635 eo

478 1668 627 1751 oonsilio,
654 1677 690 1736 ot
710 1687 793 1751 quae
813 1669 973 1737 didimsset
993 1670 1108 1735 artium
1127 1673 1161 1735 et
1181 1668 1352 1735 medicinae
1373 1674 1541 1751 praesepta
1563 1674 1599 1734 et
1617 1670 1777 1749 instituta,
1809 1669 1919 1736 eadem
1940 1687 2001 1736 usu
2016 1686 2121 1735 rernm
2140 1686 2212 1735 oon·

378 1793 380 1800 >
480 1767 623 1835 firmaret
645 1774 678 1835 et
695 1770 898 1851 experientia.
940 1769 1044 1853 Atque
1063 1769 1109 1836 sio
1130 1769 1274 1850 quidem,
1302 1786 1400 1849 quum
1422 1786 1485 1833 non
1507 1768 1611 1834 minus
1632 1767 1802 1851 industria,
1833 1788 1926 1851 quam
1946 1767 2078 1835 seientia
2098 1772 2211 1835 anctus

479 1886 519 1934 ex
536 1868 631 1935 {mlta
650 1868 813 1951 rediisset,
843 1887 1005 1951 properum
1028 1868 1287 1935 Academicorum
1311 1885 1465 1934 consensu
1491 1867 1652 1935 doctrinae
1679 1874 1713 1935 et
1739 1869 1866 1935 virtutis
1893 1868 2028 1950 iusignia
2053 1884 2117 1933 non
2143 1868 2211 1934 sine

480 1969 596 2033 virtute
615 1967 760 2051 indeptus
779 1970 812 2035 in
824 1969 1047 2051 medicorum)
1067 1986 1230 2035 numerum
1243 1973 1409 2050 cooptatur
1421 1967 1560 2034 oratione
1581 1969 1666 2050 prius
1679 1968 1800 2035 XXVII
1813 1967 1888 2051 Maii
1908 1985 1991 2035 anno
2003 1966 2172 2033 MDLXXI
2180 1966 2212 2047 ²)

481 2067 520 2133 de
539 2068 621 2134 artis
638 2067 781 2136 Medione
809 2068 995 2137 difficultate
1018 2075 1055 2136 et
1081 2068 1278 2151 praestantia
1303 2067 1420 2133 habita
1469 2065 1529 2131 Sed
1559 2068 1641 2133 enim
1668 2085 1762 2150 quum
1788 2085 1917 2149 operam
1941 2067 2079 2149 patriae,
2109 2082 2212 2147 aqua

479 2184 603 2235 summo
624 2185 767 2252 quaeque
787 2174 967 2251 acceperat,
994 2168 1127 2235 reddere
1151 2172 1294 2250 pararet,
1321 2167 1354 2233 in
1381 2166 1450 2247 ipso
1480 2166 1571 2247 quasi
1594 2167 1686 2234 aditu
1713 2174 1747 2235 et
1767 2167 1873 2236 limine
1889 2172 1991 2234 morte
2010 2169 2212 2248 praematura

479 2284 648 2348 oppressus
665 2269 817 2349 animam,
849 2286 941 2351 quam
968 2268 1000 2334 in
1027 2267 1137 2335 eadem
1158 2267 1323 2347 hauserat,
1358 2265 1431 2331 istie
1450 2281 1573 2347 quoque
1592 2268 1699 2348 posuit
1719 2266 1765 2335 VI
1784 2267 1895 2334 Martii
1915 2283 1997 2334 anno
2017 2263 2211 2332 MDLXXIV

479 2367 531 2431 vix
548 2368 718 2435 triennium
738 2368 922 2449 professoris
942 2367 1120 2450 perfunctus
1141 2384 1276 2433 munero
1318 2365 1463 2448 Nigidius
1489 2365 1621 2432 hominis
1649 2368 1829 2434 memoriam
1857 2366 1942 2434 hisoe
1969 2364 2111 2433 versibus
2137 2381 2211 2446 pro

478 2472 633 2547 sequutus
653 2474 717 2534 est:
1929 2493 1933 2499 ·

962 2565 1126 2621 Dorotem'uo
1144 2562 1253 2619 Medico
1274 2569 1357 2618 notus
1371 2568 1467 2632 patre,
1483 2562 1556 2633 flore
1571 2562 1702 2631 joanne

995 2652 1151 2718 Paeonio⁸i
1170 2649 1250 2703 vaide
1266 2650 1358 2703 clarae
1374 2650 1404 2702 in
1421 2655 1481 2703 orte
1492 2648 1561 2718 suit.
1625 2713 1633 2725 ·

963 2737 1097 2807 Coeperat
1117 2744 1143 2791 et
1159 2735 1263 2790 dadum
1277 2735 1367 2805 proxi
1382 2736 1557 2789 ierotoreocere
1572 2736 1687 2804 poemen,

995 2826 1121 2880 Phoebeo
1139 2824 1233 2877 moltis
1247 2822 1403 2877 aoerttoeoa
1420 2837 1479 2890 ope.

961 2911 1069 2966 Invidit
1081 2911 1201 2980 fortuna
1213 2910 1393 2979 jeromirum
1411 2908 1531 2962 stamina
1548 2908 1621 2961 oe'toe

995 2998 1109 3053 Fatales
1120 2997 1217 3065 juveni
1232 2994 1381 3049 dissecuere
1399 2994 1515 3060 Deoe⁴).

961 3085 1044 3156 Hune
1061 3101 1137 3139 socer
1154 3085 1185 3137 tre
1203 3081 1314 3136 Medica
1330 3081 1437 3136 Doctor
1453 3079 1620 3135 croam
1637 3084 1697 3132 orte

1001 3171 1186 3242 Vulqoa'oue‘)
1207 3169 1294 3236 tuerit,
1308 3166 1470 3237 filiolusque
1482 3180 1562 3235 paee.

961 3259 1053 3314 Lusit
1068 3259 1132 3312 item
1150 3256 1252 3325 conjux
1269 3253 1376 3322 czarem
1392 3250 1509 3307 viduato
1523 3252 1632 3316 morito,

996 3343 1050 3399 Ceu
1070 3349 1163 3397 rurore
1178 3341 1253 3397 socio
1270 3338 1459 3412 despotiow)
1475 3352 1559 3391 more.

966 3429 1032 3486 Vive
1051 3428 1183 3496 Pteiippe
1201 3426 1264 3492 deo,
1282 3423 1457 3494 poemate
1473 3429 1597 3477 morem
1613 3421 1694 3487 ideer,

996 3514 1131 3571 maome
1147 3512 1213 3567 dum
1228 3510 1316 3576 ooo,
1332 3511 1398 3565 dum
1415 3509 1529 3574 adrev)
1545 3514 1624 3563 aeuo
1634 3507 1730 3565 Potae.

477 3632 511 3692 et
532 3624 645 3691 iustus
665 3624 810 3707 Vulteius

961 3716 1070 3770 Plinius
1090 3714 1206 3784 pam
1220 3713 1340 3783 propios
1354 3711 1509 3781 wrtiopere
1524 3716 1640 3765 mooun

992 3802 1068 3857 Dore
1086 3799 1190 3866 eadee,
1206 3797 1338 3855 totondit
1354 3795 1475 3853 coaddit
1491 3802 1550 3852 orte
1565 3796 1618 3851 aa

959 3888 1006 3943 Me
1023 3901 1130 3958 quoque
1147 3884 1271 3955 desumi
1285 3885 1414 3956 patenae
1429 3883 1548 3939 membro
1564 3886 1699 3939 moretm

992 3974 1112 4032 Seetutit
1127 3972 1261 4029 mutereo
1280 3975 1346 4028 teter
1366 3973 1396 4025 tn
1415 3986 1467 4025 oro
1484 3984 1580 4041 oopor.

959 4061 1001 4118 Ni
1016 4075 1126 4117 seruare
1146 4064 1235 4115 tomen
1252 4057 1373 4127 reliquos
1388 4057 1441 4127 pio
1457 4072 1525 4111 euro
1537 4055 1648 4125 saiooet,

994 4146 1148 4203 Smosoem
1163 4146 1250 4203 mtom
1263 4143 1389 4213 sortitor
1405 4144 1465 4212 ipae
1482 4156 1576 4196 meam

966 4233 1022 4289 Vor
1036 4233 1104 4288 miti
1121 4247 1175 4303 pero
1188 4247 1246 4303 por
1263 4224 1313 4298 eat,
1326 4228 1417 4299 sanae
1433 4233 1527 4284 eterote
1542 4226 1647 4293 decore,

996 4313 1644 4384 mmom,oeeeerroemeteoeoeteonor.

961 4407 1019 4462 Hie
1034 4422 1088 4477 opo
1105 4420 1167 4461 arom
1182 4419 1286 4460 moero
1300 4401 1473 4458 Medieonon
1490 4399 1621 4469 Pn'noipe
1636 4398 1731 4465 otton,

997 4484 1677 4565 Qsooepuemorbueode'taeeoeat‘tultotaea

961 4579 1027 4635 Here
1044 4584 1111 4651 poet
1122 4577 1269 4648 smerden
1282 4573 1373 4649 somer
1389 4573 1558 4632 remotae
1573 4577 1704 4639 noem

996 4664 1109 4720 tenero
1124 4665 1150 4721 oi
1168 4648 1277 4719 Medico
1294 4677 1369 4719 more
1383 4664 1538 4731 properato
1553 4663 1636 4714 aocet

579 4920 607 4983 1)
626 4913 691 4971 cod.
709 4910 880 4967 medicorum.

577 5006 607 5070 2)
627 4997 709 5072 Apud
726 4983 892 5053 Striederum
912 5002 1000 5051 exstat
1019 4998 1100 5065 toto;
1119 4993 1191 5067 quod
1208 4991 1262 5050 nit
1282 4991 1406 5061 exhibet,
1422 4991 1452 5047 in
1467 4988 1532 5047 Atti
1549 4986 1623 5046 read
1641 4985 1796 5043 testimonio
1812 4983 1913 5043 nititur,

578 5091 608 5154 3)
625 5087 671 5144 Sia
687 5083 820 5156 Nigidius
853 5080 919 5139 cod
937 5080 1084 5139 Paeoniae

577 5178 608 5240 t)
625 5174 716 5229 Meus
731 5168 863 5240 marinis

577 5264 607 5329 t)
623 5258 775 5329 Volquinua
792 5254 845 5327 [sie
861 5252 964 5325 Nigid]
982 5252 1107 5323 Visselius
1123 5250 1263 5308 Dorsteoii
1279 5264 1359 5307 socer
1373 5246 1433 5304 tuit

578 5350 607 5414 6)
625 5344 715 5415 Nipid.
733 5346 823 5400 odoro.
841 5371 874 5382 -
895 5344 924 5407 7)
942 5338 1007 5396 eod.
1026 5337 1185 5410 dispoliata.
1205 5368 1239 5379 -
1262 5333 1400 5407 8).Nipid
1418 5334 1501 5391 omer.
