<?xml version="1.0" encoding="UTF-8"?>
<!DOCTYPE html PUBLIC "-//W3C//DTD XHTML 1.0 Transitional//EN"
    "http://www.w3.org/TR/xhtml1/DTD/xhtml1-transitional.dtd">
<html xmlns="http://www.w3.org/1999/xhtml" xml:lang="en" lang="en">
 <head>
  <title>
</title>
<meta http-equiv="Content-Type" content="text/html;charset=utf-8" />
  <meta name='ocr-system' content='tesseract 3.04.00' />
  <meta name='ocr-capabilities' content='ocr_page ocr_carea ocr_par ocr_line ocrx_word'/>
</head>
<body>
  <div class='ocr_page' id='page_1' title='image "./urbsetacademiam01caesgoog_0128.png"; bbox 0 0 5409 7267; ppageno 0'>
   <div class='ocr_carea' id='block_1_1' title="bbox 479 1156 1720 1582">
    <p class='ocr_par' dir='ltr' id='par_1_1' title="bbox 479 1156 1720 1582">
     <span class='ocr_line' id='line_1_1' title="bbox 966 1156 1588 1233; baseline 0.002 -19"><span class='ocrx_word' id='word_1_1' title='bbox 966 1156 1076 1214; x_wconf 80' lang='lat' dir='ltr'><strong><em>Glorior</em></strong></span> <span class='ocrx_word' id='word_1_2' title='bbox 1095 1166 1121 1215; x_wconf 89' lang='lat' dir='ltr'><strong><em>et</em></strong></span> <span class='ocrx_word' id='word_1_3' title='bbox 1140 1165 1197 1217; x_wconf 89' lang='lat' dir='ltr'><strong><em>toto</em></strong></span> <span class='ocrx_word' id='word_1_4' title='bbox 1214 1177 1268 1232; x_wconf 79' lang='lat' dir='ltr'><strong><em>pao</em></strong></span> <span class='ocrx_word' id='word_1_5' title='bbox 1285 1178 1364 1219; x_wconf 75' lang='lat' dir='ltr'><strong><em>noro</em></strong></span> <span class='ocrx_word' id='word_1_6' title='bbox 1379 1162 1500 1233; x_wconf 72' lang='lat' dir='ltr'><strong><em>peritior</em></strong></span> <span class='ocrx_word' id='word_1_7' title='bbox 1517 1161 1588 1228; x_wconf 83' lang='lat' dir='ltr'><strong><em>orte,</em></strong></span> 
     </span>
     <span class='ocr_line' id='line_1_2' title="bbox 1000 1244 1720 1319; baseline -0.003 -18"><span class='ocrx_word' id='word_1_8' title='bbox 1000 1244 1084 1314; x_wconf 69' lang='lat' dir='ltr'><strong><em>Quem</em></strong></span> <span class='ocrx_word' id='word_1_9' title='bbox 1101 1253 1204 1302; x_wconf 82' lang='lat' dir='ltr'><strong><em>notura</em></strong></span> <span class='ocrx_word' id='word_1_10' title='bbox 1221 1255 1327 1319; x_wconf 82' lang='lat' dir='ltr'><strong><em>stapel,</em></strong></span> <span class='ocrx_word' id='word_1_11' title='bbox 1348 1251 1461 1305; x_wconf 81' lang='lat' dir='ltr'><strong><em>Mamas</em></strong></span> <span class='ocrx_word' id='word_1_12' title='bbox 1478 1255 1504 1304; x_wconf 89' lang='lat' dir='ltr'><strong><em>et</em></strong></span> <span class='ocrx_word' id='word_1_13' title='bbox 1521 1249 1581 1318; x_wconf 85' lang='lat' dir='ltr'><strong><em>ipae</em></strong></span> <span class='ocrx_word' id='word_1_14' title='bbox 1600 1246 1720 1316; x_wconf 81' lang='lat' dir='ltr'><strong><em>Sophon,</em></strong></span> 
     </span>
     <span class='ocr_line' id='line_1_3' title="bbox 963 1328 1602 1401; baseline 0.006 -18"><span class='ocrx_word' id='word_1_15' title='bbox 963 1328 1116 1385; x_wconf 81' lang='lat' dir='ltr'><strong><em>Doctorum</em></strong></span> <span class='ocrx_word' id='word_1_16' title='bbox 1134 1333 1253 1401; x_wconf 86' lang='lat' dir='ltr'><strong><em>Doctor,</em></strong></span> <span class='ocrx_word' id='word_1_17' title='bbox 1273 1335 1371 1390; x_wconf 71' lang='lat' dir='ltr'><strong><em>Sudor</em></strong></span> <span class='ocrx_word' id='word_1_18' title='bbox 1391 1335 1538 1397; x_wconf 79' lang='lat' dir='ltr'><strong><em>(lauterius</em></strong></span> <span class='ocrx_word' id='word_1_19' title='bbox 1555 1349 1602 1388; x_wconf 92' lang='lat' dir='ltr'><strong><em>ore</em></strong></span> 
     </span>
     <span class='ocr_line' id='line_1_4' title="bbox 998 1416 1657 1492; baseline 0.008 -22"><span class='ocrx_word' id='word_1_20' title='bbox 998 1416 1088 1471; x_wconf 81' lang='lat' dir='ltr'><strong><em>Haud</em></strong></span> <span class='ocrx_word' id='word_1_21' title='bbox 1105 1419 1163 1474; x_wconf 87' lang='lat' dir='ltr'><strong><em>alio</em></strong></span> <span class='ocrx_word' id='word_1_22' title='bbox 1182 1437 1196 1474; x_wconf 93' lang='lat' dir='ltr'><strong><em>e</em></strong></span> <span class='ocrx_word' id='word_1_23' title='bbox 1214 1422 1346 1477; x_wconf 74' lang='lat' dir='ltr'><strong><em>cathedra</em></strong></span> <span class='ocrx_word' id='word_1_24' title='bbox 1365 1420 1493 1492; x_wconf 77' lang='lat' dir='ltr'><strong><em>disputat</em></strong></span> <span class='ocrx_word' id='word_1_25' title='bbox 1509 1420 1657 1475; x_wconf 83' lang='lat' dir='ltr'><strong><em>Haaaioca</em></strong></span> 
     </span>
     <span class='ocr_line' id='line_1_5' title="bbox 479 1496 844 1582; baseline -0.008 -15"><span class='ocrx_word' id='word_1_26' title='bbox 479 1506 514 1567; x_wconf 86' lang='lat' dir='ltr'><strong><em>et</em></strong></span> <span class='ocrx_word' id='word_1_27' title='bbox 534 1500 672 1567; x_wconf 80' lang='lat' dir='ltr'><strong><em>lacobus</em></strong></span> <span class='ocrx_word' id='word_1_28' title='bbox 696 1496 844 1582; x_wconf 78' lang='lat' dir='ltr'><strong><em>Thysius:</em></strong></span> 
     </span>
    </p>
   </div>
   <div class='ocr_carea' id='block_1_2' title="bbox 941 1599 1740 1928">
    <p class='ocr_par' dir='ltr' id='par_1_2' title="bbox 941 1599 1740 1928">
     <span class='ocr_line' id='line_1_6' title="bbox 965 1599 1581 1671; baseline 0.006 -17"><span class='ocrx_word' id='word_1_29' title='bbox 965 1599 1034 1669; x_wconf 76' lang='lat' dir='ltr'><strong><em>Qotc</em></strong></span> <span class='ocrx_word' id='word_1_30' title='bbox 1053 1602 1105 1657; x_wconf 84' lang='lat' dir='ltr'><strong><em>iate</em></strong></span> <span class='ocrx_word' id='word_1_31' title='bbox 1122 1603 1201 1657; x_wconf 82' lang='lat' dir='ltr'><strong><em>oalta</em></strong></span> <span class='ocrx_word' id='word_1_32' title='bbox 1220 1609 1277 1658; x_wconf 83' lang='lat' dir='ltr'><strong><em>tart</em></strong></span> <span class='ocrx_word' id='word_1_33' title='bbox 1294 1604 1414 1671; x_wconf 65' lang='lat' dir='ltr'><strong><em>amenta</em></strong></span> <span class='ocrx_word' id='word_1_34' title='bbox 1435 1610 1491 1660; x_wconf 85' lang='lat' dir='ltr'><strong><em>tam</em></strong></span> <span class='ocrx_word' id='word_1_35' title='bbox 1510 1610 1581 1671; x_wconf 87' lang='lat' dir='ltr'><strong><em>cato,</em></strong></span> 
     </span>
     <span class='ocr_line' id='line_1_7' title="bbox 966 1685 1531 1759; baseline 0.005 -19"><span class='ocrx_word' id='word_1_36' title='bbox 966 1685 1021 1756; x_wconf 75' lang='lat' dir='ltr'><strong><em>Qui</em></strong></span> <span class='ocrx_word' id='word_1_37' title='bbox 1038 1702 1067 1741; x_wconf 83' lang='lat' dir='ltr'><strong><em>ee</em></strong></span> <span class='ocrx_word' id='word_1_38' title='bbox 1080 1690 1160 1757; x_wconf 84' lang='lat' dir='ltr'><strong><em>per¹)</em></strong></span> <span class='ocrx_word' id='word_1_39' title='bbox 1171 1690 1232 1759; x_wconf 82' lang='lat' dir='ltr'><strong><em>fert</em></strong></span> <span class='ocrx_word' id='word_1_40' title='bbox 1248 1690 1362 1745; x_wconf 77' lang='lat' dir='ltr'><strong><em>sublime</em></strong></span> <span class='ocrx_word' id='word_1_41' title='bbox 1380 1690 1531 1758; x_wconf 72' lang='lat' dir='ltr'><strong><em>Smoaom,</em></strong></span> 
     </span>
     <span class='ocr_line' id='line_1_8' title="bbox 941 1771 1550 1847; baseline 0.008 -21"><span class='ocrx_word' id='word_1_42' title='bbox 941 1771 1072 1842; x_wconf 81' lang='lat' dir='ltr'><strong><em>‘Sophia</em></strong></span> <span class='ocrx_word' id='word_1_43' title='bbox 1092 1791 1170 1843; x_wconf 74' lang='lat' dir='ltr'><strong><em>quem</em></strong></span> <span class='ocrx_word' id='word_1_44' title='bbox 1185 1776 1295 1844; x_wconf 72' lang='lat' dir='ltr'><strong><em>saletto</em></strong></span> <span class='ocrx_word' id='word_1_45' title='bbox 1309 1775 1374 1846; x_wconf 84' lang='lat' dir='ltr'><strong><em>ipsa</em></strong></span> <span class='ocrx_word' id='word_1_46' title='bbox 1391 1777 1550 1847; x_wconf 80' lang='lat' dir='ltr'><strong><em>Principem</em></strong></span> 
     </span>
     <span class='ocr_line' id='line_1_9' title="bbox 1138 1859 1740 1928; baseline 0.002 -14"><span class='ocrx_word' id='word_1_47' title='bbox 1138 1860 1268 1916; x_wconf 83' lang='lat' dir='ltr'><strong><em>OGELL</em></strong></span> <span class='ocrx_word' id='word_1_48' title='bbox 1275 1860 1323 1917; x_wconf 80' lang='lat' dir='ltr'><strong><em>US</em></strong></span> <span class='ocrx_word' id='word_1_49' title='bbox 1335 1860 1530 1917; x_wconf 80' lang='lat' dir='ltr'><strong><em>RODOPAE</em></strong></span> <span class='ocrx_word' id='word_1_50' title='bbox 1544 1859 1740 1928; x_wconf 57' lang='lat' dir='ltr'><strong><em>Ichnusa)</em></strong></span> 
     </span>
    </p>
   </div>
   <div class='ocr_carea' id='block_1_3' title="bbox 965 1977 1644 2311">
    <p class='ocr_par' dir='ltr' id='par_1_3' title="bbox 966 1977 1487 2051">
     <span class='ocr_line' id='line_1_10' title="bbox 966 1977 1487 2051; baseline 0.01 -18"><span class='ocrx_word' id='word_1_51' title='bbox 966 1977 1075 2035; x_wconf 77' lang='lat' dir='ltr'><strong><em>Ocellam</em></strong></span> <span class='ocrx_word' id='word_1_52' title='bbox 1094 1981 1257 2051; x_wconf 80' lang='lat' dir='ltr'><strong><em>explorator</em></strong></span> <span class='ocrx_word' id='word_1_53' title='bbox 1271 1982 1318 2037; x_wconf 87' lang='lat' dir='ltr'><strong><em>ille</em></strong></span> <span class='ocrx_word' id='word_1_54' title='bbox 1336 1984 1487 2039; x_wconf 76' lang='lat' dir='ltr'><strong><em>acerrimae</em></strong></span> 
     </span>
    </p>

    <p class='ocr_par' dir='ltr' id='par_1_4' title="bbox 965 2066 1644 2137">
     <span class='ocr_line' id='line_1_11' title="bbox 965 2066 1644 2137; baseline 0.007 -18"><span class='ocrx_word' id='word_1_55' title='bbox 965 2066 1067 2120; x_wconf 80' lang='lat' dir='ltr'><strong><em>Rerum</em></strong></span> <span class='ocrx_word' id='word_1_56' title='bbox 1086 2067 1257 2135; x_wconf 77' lang='lat' dir='ltr'><strong><em>abditarum,</em></strong></span> <span class='ocrx_word' id='word_1_57' title='bbox 1280 2084 1351 2137; x_wconf 81' lang='lat' dir='ltr'><strong><em>qaas</em></strong></span> <span class='ocrx_word' id='word_1_58' title='bbox 1370 2067 1418 2122; x_wconf 82' lang='lat' dir='ltr'><strong><em>Sol</em></strong></span> <span class='ocrx_word' id='word_1_59' title='bbox 1433 2069 1553 2123; x_wconf 81' lang='lat' dir='ltr'><strong><em>omnium</em></strong></span> <span class='ocrx_word' id='word_1_60' title='bbox 1569 2068 1644 2124; x_wconf 83' lang='lat' dir='ltr'><strong><em>uidet</em></strong></span> 
     </span>
    </p>

    <p class='ocr_par' dir='ltr' id='par_1_5' title="bbox 969 2151 1558 2311">
     <span class='ocr_line' id='line_1_12' title="bbox 969 2151 1558 2224; baseline 0.007 -18"><span class='ocrx_word' id='word_1_61' title='bbox 969 2151 1086 2222; x_wconf 73' lang='lat' dir='ltr'><strong><em>Verique</em></strong></span> <span class='ocrx_word' id='word_1_62' title='bbox 1104 2160 1226 2221; x_wconf 83' lang='lat' dir='ltr'><strong><em>ornator,</em></strong></span> <span class='ocrx_word' id='word_1_63' title='bbox 1244 2156 1421 2224; x_wconf 77' lang='lat' dir='ltr'><strong><em>copm&#39;torpoe</em></strong></span> <span class='ocrx_word' id='word_1_64' title='bbox 1438 2155 1558 2210; x_wconf 84' lang='lat' dir='ltr'><strong><em>nominis</em></strong></span> 
     </span>
     <span class='ocr_line' id='line_1_13' title="bbox 1136 2239 1515 2311; baseline 0.005 -17"><span class='ocrx_word' id='word_1_65' title='bbox 1136 2239 1220 2294; x_wconf 81' lang='lat' dir='ltr'><strong><em>Stooe</em></strong></span> <span class='ocrx_word' id='word_1_66' title='bbox 1239 2239 1410 2311; x_wconf 67' lang='lat' dir='ltr'><strong><em>Callipeucen</em></strong></span> <span class='ocrx_word' id='word_1_67' title='bbox 1426 2240 1515 2296; x_wconf 84' lang='lat' dir='ltr'><strong><em>decus.</em></strong></span> 
     </span>
    </p>
   </div>
   <div class='ocr_carea' id='block_1_4' title="bbox 964 2358 1629 2688">
    <p class='ocr_par' dir='ltr' id='par_1_6' title="bbox 967 2358 1629 2429">
     <span class='ocr_line' id='line_1_14' title="bbox 967 2358 1629 2429; baseline 0.005 -16"><span class='ocrx_word' id='word_1_68' title='bbox 967 2358 1050 2429; x_wconf 69' lang='grc' dir='ltr'><strong>ρυσηι</strong></span> <span class='ocrx_word' id='word_1_69' title='bbox 1068 2374 1097 2414; x_wconf 84' lang='lat' dir='ltr'><strong><em>se</em></strong></span> <span class='ocrx_word' id='word_1_70' title='bbox 1116 2359 1250 2414; x_wconf 72' lang='lat' dir='ltr'><strong><em>Catharrei</em></strong></span> <span class='ocrx_word' id='word_1_71' title='bbox 1267 2359 1412 2415; x_wconf 80' lang='lat' dir='ltr'><strong><em>venditans</em></strong></span> <span class='ocrx_word' id='word_1_72' title='bbox 1430 2361 1479 2414; x_wconf 79' lang='lat' dir='ltr'><strong><em>arch</em></strong></span> <span class='ocrx_word' id='word_1_73' title='bbox 1496 2362 1629 2416; x_wconf 83' lang='lat' dir='ltr'><strong><em>acherrrate</em></strong></span> 
     </span>
    </p>

    <p class='ocr_par' dir='ltr' id='par_1_7' title="bbox 964 2443 1560 2515">
     <span class='ocr_line' id='line_1_15' title="bbox 964 2443 1560 2515; baseline 0.002 -15"><span class='ocrx_word' id='word_1_74' title='bbox 964 2443 1075 2512; x_wconf 67' lang='lat' dir='ltr'><strong><em>Solique</em></strong></span> <span class='ocrx_word' id='word_1_75' title='bbox 1089 2445 1228 2515; x_wconf 78' lang='lat' dir='ltr'><strong><em>plaudere</em></strong></span> <span class='ocrx_word' id='word_1_76' title='bbox 1246 2462 1335 2515; x_wconf 75' lang='lat' dir='ltr'><strong><em>aequa</em></strong></span> <span class='ocrx_word' id='word_1_77' title='bbox 1354 2447 1426 2501; x_wconf 85' lang='lat' dir='ltr'><strong><em>nolli</em></strong></span> <span class='ocrx_word' id='word_1_78' title='bbox 1443 2447 1560 2501; x_wconf 76' lang='lat' dir='ltr'><strong><em>Iustitia</em></strong></span> 
     </span>
    </p>

    <p class='ocr_par' dir='ltr' id='par_1_8' title="bbox 965 2530 1547 2688">
     <span class='ocr_line' id='line_1_16' title="bbox 965 2530 1547 2601; baseline 0 -15"><span class='ocrx_word' id='word_1_79' title='bbox 965 2530 1097 2600; x_wconf 84' lang='lat' dir='ltr'><strong><em>Rodopea</em></strong></span> <span class='ocrx_word' id='word_1_80' title='bbox 1114 2530 1218 2585; x_wconf 84' lang='lat' dir='ltr'><strong><em>adorsa</em></strong></span> <span class='ocrx_word' id='word_1_81' title='bbox 1234 2548 1325 2601; x_wconf 80' lang='lat' dir='ltr'><strong><em>nuper</em></strong></span> <span class='ocrx_word' id='word_1_82' title='bbox 1341 2538 1383 2586; x_wconf 83' lang='lat' dir='ltr'><strong><em>eat</em></strong></span> <span class='ocrx_word' id='word_1_83' title='bbox 1397 2532 1430 2585; x_wconf 89' lang='lat' dir='ltr'><strong><em>de</em></strong></span> <span class='ocrx_word' id='word_1_84' title='bbox 1448 2533 1547 2595; x_wconf 81' lang='lat' dir='ltr'><strong><em>uertice</em></strong></span> 
     </span>
     <span class='ocr_line' id='line_1_17' title="bbox 1139 2618 1541 2688; baseline 0.005 -17"><span class='ocrx_word' id='word_1_85' title='bbox 1139 2618 1248 2687; x_wconf 64' lang='lat' dir='ltr'><strong><em>harpe!</em></strong></span> <span class='ocrx_word' id='word_1_86' title='bbox 1266 2619 1448 2688; x_wconf 84' lang='lat' dir='ltr'><strong><em>praecipitem</em></strong></span> <span class='ocrx_word' id='word_1_87' title='bbox 1466 2618 1541 2673; x_wconf 80' lang='lat' dir='ltr'><strong><em>aare.</em></strong></span> 
     </span>
    </p>
   </div>
   <div class='ocr_carea' id='block_1_5' title="bbox 963 2737 1565 3068">
    <p class='ocr_par' dir='ltr' id='par_1_9' title="bbox 965 2737 1515 2805">
     <span class='ocr_line' id='line_1_18' title="bbox 965 2737 1515 2805; baseline -0.002 -12"><span class='ocrx_word' id='word_1_88' title='bbox 965 2737 1047 2793; x_wconf 77' lang='lat' dir='ltr'><strong><em>Stetit</em></strong></span> <span class='ocrx_word' id='word_1_89' title='bbox 1065 2738 1113 2793; x_wconf 82' lang='lat' dir='ltr'><strong><em>sed</em></strong></span> <span class='ocrx_word' id='word_1_90' title='bbox 1129 2739 1182 2793; x_wconf 85' lang='lat' dir='ltr'><strong><em>iste</em></strong></span> <span class='ocrx_word' id='word_1_91' title='bbox 1200 2740 1279 2793; x_wconf 81' lang='lat' dir='ltr'><strong><em>oulta</em></strong></span> <span class='ocrx_word' id='word_1_92' title='bbox 1297 2740 1398 2794; x_wconf 83' lang='lat' dir='ltr'><strong><em>ocellus</em></strong></span> <span class='ocrx_word' id='word_1_93' title='bbox 1416 2738 1515 2805; x_wconf 83' lang='lat' dir='ltr'><strong><em>arduo,</em></strong></span> 
     </span>
    </p>

    <p class='ocr_par' dir='ltr' id='par_1_10' title="bbox 965 2825 1565 2895">
     <span class='ocr_line' id='line_1_19' title="bbox 965 2825 1565 2895; baseline 0 -17"><span class='ocrx_word' id='word_1_94' title='bbox 965 2825 1095 2878; x_wconf 82' lang='lat' dir='ltr'><strong><em>Minerua</em></strong></span> <span class='ocrx_word' id='word_1_95' title='bbox 1114 2826 1205 2893; x_wconf 78' lang='lat' dir='ltr'><strong><em>qualia</em></strong></span> <span class='ocrx_word' id='word_1_96' title='bbox 1225 2825 1364 2895; x_wconf 79' lang='lat' dir='ltr'><strong><em>Gorpoais</em></strong></span> <span class='ocrx_word' id='word_1_97' title='bbox 1380 2832 1457 2880; x_wconf 85' lang='lat' dir='ltr'><strong><em>scuto</em></strong></span> <span class='ocrx_word' id='word_1_98' title='bbox 1471 2826 1565 2895; x_wconf 80' lang='lat' dir='ltr'><strong><em>seraa.</em></strong></span> 
     </span>
    </p>

    <p class='ocr_par' dir='ltr' id='par_1_11' title="bbox 963 2911 1542 3068">
     <span class='ocr_line' id='line_1_20' title="bbox 963 2911 1542 2980; baseline 0.003 -16"><span class='ocrx_word' id='word_1_99' title='bbox 963 2912 1003 2964; x_wconf 83' lang='lat' dir='ltr'><strong><em>At</em></strong></span> <span class='ocrx_word' id='word_1_100' title='bbox 1019 2916 1111 2965; x_wconf 86' lang='lat' dir='ltr'><strong><em>strata</em></strong></span> <span class='ocrx_word' id='word_1_101' title='bbox 1125 2927 1179 2979; x_wconf 88' lang='lat' dir='ltr'><strong><em>per</em></strong></span> <span class='ocrx_word' id='word_1_102' title='bbox 1196 2917 1281 2980; x_wconf 80' lang='lat' dir='ltr'><strong><em>caput</em></strong></span> <span class='ocrx_word' id='word_1_103' title='bbox 1294 2911 1433 2980; x_wconf 79' lang='lat' dir='ltr'><strong><em>pedesque</em></strong></span> <span class='ocrx_word' id='word_1_104' title='bbox 1450 2911 1542 2966; x_wconf 84' lang='lat' dir='ltr'><strong><em>helluo</em></strong></span> 
     </span>
     <span class='ocr_line' id='line_1_21' title="bbox 1136 2997 1485 3068; baseline -0.003 -16"><span class='ocrx_word' id='word_1_105' title='bbox 1136 2997 1269 3053; x_wconf 67' lang='lat' dir='ltr'><strong><em>Humilis</em></strong></span> <span class='ocrx_word' id='word_1_106' title='bbox 1287 2998 1381 3068; x_wconf 81' lang='lat' dir='ltr'><strong><em>apitur</em></strong></span> <span class='ocrx_word' id='word_1_107' title='bbox 1394 2998 1485 3067; x_wconf 83' lang='lat' dir='ltr'><strong><em>foras.</em></strong></span> 
     </span>
    </p>
   </div>
   <div class='ocr_carea' id='block_1_6' title="bbox 1175 3320 1534 3403">
    <p class='ocr_par' dir='ltr' id='par_1_12' title="bbox 1175 3320 1534 3403">
     <span class='ocr_line' id='line_1_22' title="bbox 1175 3320 1534 3403; baseline 0.003 -16"><span class='ocrx_word' id='word_1_108' title='bbox 1175 3320 1339 3387; x_wconf 82' lang='lat' dir='ltr'><strong><em>loannes</em></strong></span> <span class='ocrx_word' id='word_1_109' title='bbox 1365 3320 1534 3403; x_wconf 84' lang='lat' dir='ltr'><strong><em>Magirus</em></strong></span> 
     </span>
    </p>
   </div>
   <div class='ocr_carea' id='block_1_7' title="bbox 483 3481 2223 3671">
    <p class='ocr_par' dir='ltr' id='par_1_13' title="bbox 483 3481 2223 3671">
     <span class='ocr_line' id='line_1_23' title="bbox 580 3481 2223 3564; baseline -0.001 -11"><span class='ocrx_word' id='word_1_110' title='bbox 580 3484 816 3553; x_wconf 88' lang='lat' dir='ltr'><strong><em>Fridslariensis</em></strong></span> <span class='ocrx_word' id='word_1_111' title='bbox 844 3502 865 3549; x_wconf 90' lang='lat' dir='ltr'><strong><em>a</em></strong></span> <span class='ocrx_word' id='word_1_112' title='bbox 893 3481 1098 3564; x_wconf 82' lang='lat' dir='ltr'><strong><em>Philosophia</em></strong></span> <span class='ocrx_word' id='word_1_113' title='bbox 1126 3487 1159 3549; x_wconf 88' lang='lat' dir='ltr'><strong><em>et</em></strong></span> <span class='ocrx_word' id='word_1_114' title='bbox 1185 3482 1341 3549; x_wconf 83' lang='lat' dir='ltr'><strong><em>Medicina</em></strong></span> <span class='ocrx_word' id='word_1_115' title='bbox 1368 3484 1632 3551; x_wconf 88' lang='lat' dir='ltr'><strong><em>instructissimus</em></strong></span> <span class='ocrx_word' id='word_1_116' title='bbox 1660 3501 1743 3551; x_wconf 91' lang='lat' dir='ltr'><strong><em>anuo</em></strong></span> <span class='ocrx_word' id='word_1_117' title='bbox 1764 3482 1943 3551; x_wconf 85' lang='lat' dir='ltr'>MDXXCV</span> <span class='ocrx_word' id='word_1_118' title='bbox 1970 3482 2113 3550; x_wconf 86' lang='lat' dir='ltr'><strong><em>lanuarii</em></strong></span> <span class='ocrx_word' id='word_1_119' title='bbox 2132 3485 2223 3552; x_wconf 83' lang='lat' dir='ltr'>XVII</span> 
     </span>
     <span class='ocr_line' id='line_1_24' title="bbox 483 3581 2223 3671; baseline -0.002 -17"><span class='ocrx_word' id='word_1_120' title='bbox 483 3603 661 3671; x_wconf 79' lang='lat' dir='ltr'><strong><em>supremam</em></strong></span> <span class='ocrx_word' id='word_1_121' title='bbox 682 3586 715 3650; x_wconf 91' lang='lat' dir='ltr'><strong><em>in</em></strong></span> <span class='ocrx_word' id='word_1_122' title='bbox 735 3590 807 3650; x_wconf 87' lang='lat' dir='ltr'><strong><em>arte</em></strong></span> <span class='ocrx_word' id='word_1_123' title='bbox 827 3583 882 3649; x_wconf 88' lang='lat' dir='ltr'><strong><em>illa</em></strong></span> <span class='ocrx_word' id='word_1_124' title='bbox 901 3582 1065 3665; x_wconf 90' lang='lat' dir='ltr'><strong><em>Apollinea</em></strong></span> <span class='ocrx_word' id='word_1_125' title='bbox 1085 3581 1226 3647; x_wconf 90' lang='lat' dir='ltr'><strong><em>lauream</em></strong></span> <span class='ocrx_word' id='word_1_126' title='bbox 1247 3583 1286 3648; x_wconf 88' lang='lat' dir='ltr'><strong><em>D.</em></strong></span> <span class='ocrx_word' id='word_1_127' title='bbox 1308 3582 1439 3651; x_wconf 86' lang='lat' dir='ltr'><strong><em>loannis</em></strong></span> <span class='ocrx_word' id='word_1_128' title='bbox 1458 3584 1576 3650; x_wconf 87' lang='lat' dir='ltr'><strong><em>Wolifii</em></strong></span> <span class='ocrx_word' id='word_1_129' title='bbox 1595 3586 1743 3668; x_wconf 89' lang='lat' dir='ltr'><strong><em>auspiciis</em></strong></span> <span class='ocrx_word' id='word_1_130' title='bbox 1769 3590 1970 3666; x_wconf 88' lang='lat' dir='ltr'><strong><em>consecutus,</em></strong></span> <span class='ocrx_word' id='word_1_131' title='bbox 2000 3589 2113 3666; x_wconf 91' lang='lat' dir='ltr'><strong><em>postea</em></strong></span> <span class='ocrx_word' id='word_1_132' title='bbox 2140 3585 2223 3651; x_wconf 88' lang='lat' dir='ltr'><strong><em>circa</em></strong></span> 
     </span>
    </p>
   </div>
   <div class='ocr_carea' id='block_1_8' title="bbox 484 3681 2223 4964">
    <p class='ocr_par' dir='ltr' id='par_1_14' title="bbox 484 3681 2223 4964">
     <span class='ocr_line' id='line_1_25' title="bbox 484 3681 2222 3768; baseline -0.002 -15"><span class='ocrx_word' id='word_1_133' title='bbox 484 3704 600 3753; x_wconf 89' lang='lat' dir='ltr'><strong><em>annum</em></strong></span> <span class='ocrx_word' id='word_1_134' title='bbox 620 3682 779 3766; x_wconf 56' lang='grc' dir='ltr'><strong><em>ΜΨ)</em></strong></span> <span class='ocrx_word' id='word_1_135' title='bbox 800 3682 936 3750; x_wconf 82' lang='lat' dir='ltr'><strong><em>muneris</em></strong></span> <span class='ocrx_word' id='word_1_136' title='bbox 957 3681 1070 3763; x_wconf 83' lang='lat' dir='ltr'><strong><em>publici</em></strong></span> <span class='ocrx_word' id='word_1_137' title='bbox 1090 3687 1214 3764; x_wconf 89' lang='lat' dir='ltr'><strong><em>partem</em></strong></span> <span class='ocrx_word' id='word_1_138' title='bbox 1235 3683 1267 3746; x_wconf 92' lang='lat' dir='ltr'><strong><em>in</em></strong></span> <span class='ocrx_word' id='word_1_139' title='bbox 1286 3683 1453 3750; x_wconf 79' lang='lat' dir='ltr'><strong><em>Academia</em></strong></span> <span class='ocrx_word' id='word_1_140' title='bbox 1472 3685 1582 3768; x_wconf 89' lang='lat' dir='ltr'><strong><em>attigit</em></strong></span> <span class='ocrx_word' id='word_1_141' title='bbox 1602 3685 1698 3767; x_wconf 91' lang='lat' dir='ltr'><strong><em>illam,</em></strong></span> <span class='ocrx_word' id='word_1_142' title='bbox 1719 3702 1803 3766; x_wconf 90' lang='lat' dir='ltr'><strong><em>quae</em></strong></span> <span class='ocrx_word' id='word_1_143' title='bbox 1820 3684 1854 3750; x_wconf 89' lang='lat' dir='ltr'><strong><em>in</em></strong></span> <span class='ocrx_word' id='word_1_144' title='bbox 1870 3683 2096 3765; x_wconf 78' lang='lat' dir='ltr'><strong><em>investigandis</em></strong></span> <span class='ocrx_word' id='word_1_145' title='bbox 2115 3703 2222 3750; x_wconf 88' lang='lat' dir='ltr'><strong><em>rerum</em></strong></span> 
     </span>
     <span class='ocr_line' id='line_1_26' title="bbox 485 3781 2222 3868; baseline 0.001 -17"><span class='ocrx_word' id='word_1_146' title='bbox 485 3784 674 3851; x_wconf 83' lang='lat' dir='ltr'><strong><em>naturalium</em></strong></span> <span class='ocrx_word' id='word_1_147' title='bbox 700 3784 819 3849; x_wconf 87' lang='lat' dir='ltr'><strong><em>caussis</em></strong></span> <span class='ocrx_word' id='word_1_148' title='bbox 848 3787 1034 3863; x_wconf 85' lang='lat' dir='ltr'><strong><em>occupatur,</em></strong></span> <span class='ocrx_word' id='word_1_149' title='bbox 1062 3781 1243 3863; x_wconf 90' lang='lat' dir='ltr'><strong><em>Decanique</em></strong></span> <span class='ocrx_word' id='word_1_150' title='bbox 1271 3784 1392 3848; x_wconf 89' lang='lat' dir='ltr'><strong><em>curavit</em></strong></span> <span class='ocrx_word' id='word_1_151' title='bbox 1420 3803 1533 3850; x_wconf 91' lang='lat' dir='ltr'><strong><em>munus</em></strong></span> <span class='ocrx_word' id='word_1_152' title='bbox 1564 3803 1647 3851; x_wconf 90' lang='lat' dir='ltr'><strong><em>anuo</em></strong></span> <span class='ocrx_word' id='word_1_153' title='bbox 1669 3783 1811 3849; x_wconf 85' lang='lat' dir='ltr'><strong>DXCIII.</strong></span> <span class='ocrx_word' id='word_1_154' title='bbox 1857 3783 1962 3866; x_wconf 83' lang='lat' dir='ltr'><strong><em>Atque</em></strong></span> <span class='ocrx_word' id='word_1_155' title='bbox 1985 3783 2069 3851; x_wconf 93' lang='lat' dir='ltr'><strong><em>hunc</em></strong></span> <span class='ocrx_word' id='word_1_156' title='bbox 2097 3786 2222 3868; x_wconf 91' lang='lat' dir='ltr'><strong><em>quidem</em></strong></span> 
     </span>
     <span class='ocr_line' id='line_1_27' title="bbox 484 3881 2223 3969; baseline 0.001 -18"><span class='ocrx_word' id='word_1_157' title='bbox 484 3890 577 3969; x_wconf 89' lang='lat' dir='ltr'><strong><em>patra</em></strong></span> <span class='ocrx_word' id='word_1_158' title='bbox 604 3883 751 3951; x_wconf 79' lang='lat' dir='ltr'><strong><em>defuncto</em></strong></span> <span class='ocrx_word' id='word_1_159' title='bbox 778 3887 902 3948; x_wconf 90' lang='lat' dir='ltr'><strong><em>tutores</em></strong></span> <span class='ocrx_word' id='word_1_160' title='bbox 931 3881 968 3945; x_wconf 91' lang='lat' dir='ltr'><strong><em>iis</em></strong></span> <span class='ocrx_word' id='word_1_161' title='bbox 994 3881 1060 3962; x_wconf 82' lang='lat' dir='ltr'><strong><em>jmn</em></strong></span> <span class='ocrx_word' id='word_1_162' title='bbox 1087 3881 1209 3946; x_wconf 89' lang='lat' dir='ltr'><strong><em>artibus</em></strong></span> <span class='ocrx_word' id='word_1_163' title='bbox 1231 3881 1398 3965; x_wconf 91' lang='lat' dir='ltr'><strong><em>imbutum,</em></strong></span> <span class='ocrx_word' id='word_1_164' title='bbox 1430 3884 1543 3965; x_wconf 91' lang='lat' dir='ltr'><strong><em>quibus</em></strong></span> <span class='ocrx_word' id='word_1_165' title='bbox 1568 3884 1611 3950; x_wconf 86' lang='lat' dir='ltr'><strong><em>ad</em></strong></span> <span class='ocrx_word' id='word_1_166' title='bbox 1632 3883 1751 3966; x_wconf 76' lang='lat' dir='ltr'><strong><em>maiora</em></strong></span> <span class='ocrx_word' id='word_1_167' title='bbox 1773 3883 1894 3949; x_wconf 76' lang='lat' dir='ltr'><strong><em>renuet</em></strong></span> <span class='ocrx_word' id='word_1_168' title='bbox 1913 3884 2068 3966; x_wconf 86' lang='lat' dir='ltr'><strong><em>paratior,</em></strong></span> <span class='ocrx_word' id='word_1_169' title='bbox 2100 3885 2140 3951; x_wconf 90' lang='lat' dir='ltr'><strong><em>ab</em></strong></span> <span class='ocrx_word' id='word_1_170' title='bbox 2162 3885 2223 3954; x_wconf 89' lang='lat' dir='ltr'><strong><em>hcc</em></strong></span> 
     </span>
     <span class='ocr_line' id='line_1_28' title="bbox 484 3981 2222 4067; baseline 0.001 -17"><span class='ocrx_word' id='word_1_171' title='bbox 484 3986 570 4051; x_wconf 84' lang='lat' dir='ltr'><strong><em>vitae</em></strong></span> <span class='ocrx_word' id='word_1_172' title='bbox 591 4001 707 4067; x_wconf 83' lang='lat' dir='ltr'><strong><em>genere</em></strong></span> <span class='ocrx_word' id='word_1_173' title='bbox 729 3982 924 4047; x_wconf 90' lang='lat' dir='ltr'><strong><em>abstractum</em></strong></span> <span class='ocrx_word' id='word_1_174' title='bbox 943 3998 979 4046; x_wconf 90' lang='lat' dir='ltr'><strong><em>eo</em></strong></span> <span class='ocrx_word' id='word_1_175' title='bbox 997 3982 1063 4064; x_wconf 90' lang='lat' dir='ltr'><strong><em>jam</em></strong></span> <span class='ocrx_word' id='word_1_176' title='bbox 1085 3981 1266 4063; x_wconf 83' lang='lat' dir='ltr'><strong><em>adegerant,</em></strong></span> <span class='ocrx_word' id='word_1_177' title='bbox 1288 3987 1323 4047; x_wconf 91' lang='lat' dir='ltr'><strong><em>ut</em></strong></span> <span class='ocrx_word' id='word_1_178' title='bbox 1344 3988 1552 4049; x_wconf 86' lang='lat' dir='ltr'><strong><em>mercaturam</em></strong></span> <span class='ocrx_word' id='word_1_179' title='bbox 1573 3988 1750 4049; x_wconf 84' lang='lat' dir='ltr'><strong><em>sectaretur</em></strong></span> <span class='ocrx_word' id='word_1_180' title='bbox 1771 3988 1804 4049; x_wconf 90' lang='lat' dir='ltr'><strong><em>et</em></strong></span> <span class='ocrx_word' id='word_1_181' title='bbox 1824 3981 2000 4048; x_wconf 84' lang='lat' dir='ltr'><strong><em>lanificium.</em></strong></span> <span class='ocrx_word' id='word_1_182' title='bbox 2043 3983 2105 4049; x_wconf 87' lang='lat' dir='ltr'><strong><em>Sed</em></strong></span> <span class='ocrx_word' id='word_1_183' title='bbox 2127 4003 2222 4067; x_wconf 90' lang='lat' dir='ltr'><strong><em>quum</em></strong></span> 
     </span>
     <span class='ocr_line' id='line_1_29' title="bbox 486 4079 2223 4166; baseline 0.001 -17"><span class='ocrx_word' id='word_1_184' title='bbox 486 4085 616 4151; x_wconf 81' lang='lat' dir='ltr'><strong><em>fortuna</em></strong></span> <span class='ocrx_word' id='word_1_185' title='bbox 637 4083 739 4165; x_wconf 89' lang='lat' dir='ltr'><strong><em>primo</em></strong></span> <span class='ocrx_word' id='word_1_186' title='bbox 761 4099 824 4146; x_wconf 91' lang='lat' dir='ltr'><strong><em>non</em></strong></span> <span class='ocrx_word' id='word_1_187' title='bbox 843 4079 1049 4162; x_wconf 88' lang='lat' dir='ltr'><strong><em>responderet</em></strong></span> <span class='ocrx_word' id='word_1_188' title='bbox 1070 4079 1168 4146; x_wconf 87' lang='lat' dir='ltr'><strong><em>labori</em></strong></span> <span class='ocrx_word' id='word_1_189' title='bbox 1190 4086 1223 4146; x_wconf 91' lang='lat' dir='ltr'><strong><em>et</em></strong></span> <span class='ocrx_word' id='word_1_190' title='bbox 1243 4082 1290 4146; x_wconf 89' lang='lat' dir='ltr'><strong><em>rei</em></strong></span> <span class='ocrx_word' id='word_1_191' title='bbox 1306 4082 1463 4162; x_wconf 83' lang='lat' dir='ltr'><strong><em>gerendae</em></strong></span> <span class='ocrx_word' id='word_1_192' title='bbox 1473 4084 1504 4161; x_wconf 84' lang='lat'><strong><em>⁴)</em></strong></span> <span class='ocrx_word' id='word_1_193' title='bbox 1526 4083 1703 4165; x_wconf 86' lang='lat' dir='ltr'><strong><em>displiceret</em></strong></span> <span class='ocrx_word' id='word_1_194' title='bbox 1716 4082 1836 4164; x_wconf 90' lang='lat' dir='ltr'><strong><em>modus,</em></strong></span> <span class='ocrx_word' id='word_1_195' title='bbox 1857 4079 1899 4146; x_wconf 87' lang='lat' dir='ltr'><strong><em>ad</em></strong></span> <span class='ocrx_word' id='word_1_196' title='bbox 1918 4081 2024 4147; x_wconf 88' lang='lat' dir='ltr'><strong><em>studia</em></strong></span> <span class='ocrx_word' id='word_1_197' title='bbox 2043 4082 2223 4166; x_wconf 86' lang='lat' dir='ltr'><strong><em>interrupta</em></strong></span> 
     </span>
     <span class='ocr_line' id='line_1_30' title="bbox 485 4179 2222 4264; baseline 0 -14"><span class='ocrx_word' id='word_1_198' title='bbox 485 4200 630 4250; x_wconf 87' lang='lat' dir='ltr'><strong><em>reversus</em></strong></span> <span class='ocrx_word' id='word_1_199' title='bbox 651 4182 685 4248; x_wconf 93' lang='lat' dir='ltr'><strong><em>id</em></strong></span> <span class='ocrx_word' id='word_1_200' title='bbox 705 4179 861 4248; x_wconf 90' lang='lat' dir='ltr'><strong><em>indefessa</em></strong></span> <span class='ocrx_word' id='word_1_201' title='bbox 881 4179 984 4245; x_wconf 88' lang='lat' dir='ltr'><strong><em>effecit</em></strong></span> <span class='ocrx_word' id='word_1_202' title='bbox 1012 4197 1123 4262; x_wconf 89' lang='lat' dir='ltr'><strong><em>opera,</em></strong></span> <span class='ocrx_word' id='word_1_203' title='bbox 1152 4185 1189 4245; x_wconf 92' lang='lat' dir='ltr'><strong><em>ut</em></strong></span> <span class='ocrx_word' id='word_1_204' title='bbox 1211 4198 1273 4245; x_wconf 92' lang='lat' dir='ltr'><strong><em>non</em></strong></span> <span class='ocrx_word' id='word_1_205' title='bbox 1295 4180 1416 4246; x_wconf 88' lang='lat' dir='ltr'><strong><em>Medica</em></strong></span> <span class='ocrx_word' id='word_1_206' title='bbox 1436 4181 1535 4247; x_wconf 92' lang='lat' dir='ltr'><strong><em>solum</em></strong></span> <span class='ocrx_word' id='word_1_207' title='bbox 1554 4186 1641 4264; x_wconf 88' lang='lat' dir='ltr'><strong><em>arte,</em></strong></span> <span class='ocrx_word' id='word_1_208' title='bbox 1669 4180 1724 4247; x_wconf 92' lang='lat' dir='ltr'><strong><em>sed</em></strong></span> <span class='ocrx_word' id='word_1_209' title='bbox 1743 4179 1941 4262; x_wconf 88' lang='lat' dir='ltr'><strong><em>Philosophia</em></strong></span> <span class='ocrx_word' id='word_1_210' title='bbox 1964 4180 2058 4247; x_wconf 86' lang='lat' dir='ltr'><strong><em>etiam</em></strong></span> <span class='ocrx_word' id='word_1_211' title='bbox 2084 4188 2117 4250; x_wconf 88' lang='lat' dir='ltr'><strong><em>et</em></strong></span> <span class='ocrx_word' id='word_1_212' title='bbox 2139 4186 2222 4250; x_wconf 90' lang='lat' dir='ltr'><strong><em>omni</em></strong></span> 
     </span>
     <span class='ocr_line' id='line_1_31' title="bbox 486 4279 2222 4364; baseline 0 -14"><span class='ocrx_word' id='word_1_213' title='bbox 486 4283 565 4351; x_wconf 89' lang='lat' dir='ltr'><strong><em>adeo</em></strong></span> <span class='ocrx_word' id='word_1_214' title='bbox 584 4283 749 4349; x_wconf 89' lang='lat' dir='ltr'><strong><em>literarum</em></strong></span> <span class='ocrx_word' id='word_1_215' title='bbox 768 4298 882 4362; x_wconf 83' lang='lat' dir='ltr'><strong><em>genere</em></strong></span> <span class='ocrx_word' id='word_1_216' title='bbox 902 4284 1097 4361; x_wconf 86' lang='lat' dir='ltr'><strong><em>praestaret,</em></strong></span> <span class='ocrx_word' id='word_1_217' title='bbox 1119 4279 1150 4345; x_wconf 93' lang='lat' dir='ltr'><strong><em>id</em></strong></span> <span class='ocrx_word' id='word_1_218' title='bbox 1166 4279 1249 4362; x_wconf 92' lang='lat' dir='ltr'><strong><em>quod</em></strong></span> <span class='ocrx_word' id='word_1_219' title='bbox 1264 4280 1312 4345; x_wconf 87' lang='lat' dir='ltr'><strong><em>vel</em></strong></span> <span class='ocrx_word' id='word_1_220' title='bbox 1330 4280 1454 4346; x_wconf 88' lang='lat' dir='ltr'><strong><em>abunde</em></strong></span> <span class='ocrx_word' id='word_1_221' title='bbox 1472 4281 1649 4362; x_wconf 88' lang='lat' dir='ltr'><strong><em>perspicere</em></strong></span> <span class='ocrx_word' id='word_1_222' title='bbox 1671 4286 1720 4347; x_wconf 87' lang='lat' dir='ltr'><strong><em>est</em></strong></span> <span class='ocrx_word' id='word_1_223' title='bbox 1741 4280 1914 4363; x_wconf 81' lang='lat' dir='ltr'><strong><em>ePhpsica</em></strong></span> <span class='ocrx_word' id='word_1_224' title='bbox 1928 4279 1982 4345; x_wconf 89' lang='lat' dir='ltr'><strong><em>illa</em></strong></span> <span class='ocrx_word' id='word_1_225' title='bbox 1996 4280 2222 4364; x_wconf 77' lang='lat' dir='ltr'><strong><em>Pompatetioa,</em></strong></span> 
     </span>
     <span class='ocr_line' id='line_1_32' title="bbox 485 4378 2222 4467; baseline -0.001 -17"><span class='ocrx_word' id='word_1_226' title='bbox 485 4400 566 4467; x_wconf 87' lang='lat' dir='ltr'><strong><em>quae</em></strong></span> <span class='ocrx_word' id='word_1_227' title='bbox 587 4401 626 4449; x_wconf 86' lang='lat' dir='ltr'><strong><em>ex</em></strong></span> <span class='ocrx_word' id='word_1_228' title='bbox 644 4380 814 4447; x_wconf 81' lang='lat' dir='ltr'><strong><em>Aristotele</em></strong></span> <span class='ocrx_word' id='word_1_229' title='bbox 835 4379 964 4462; x_wconf 91' lang='lat' dir='ltr'><strong><em>ejusque</em></strong></span> <span class='ocrx_word' id='word_1_230' title='bbox 987 4379 1213 4460; x_wconf 90' lang='lat' dir='ltr'><strong><em>interpretibus</em></strong></span> <span class='ocrx_word' id='word_1_231' title='bbox 1235 4379 1334 4444; x_wconf 89' lang='lat' dir='ltr'><strong><em>multo</em></strong></span> <span class='ocrx_word' id='word_1_232' title='bbox 1355 4380 1469 4446; x_wconf 92' lang='lat' dir='ltr'><strong><em>sudore</em></strong></span> <span class='ocrx_word' id='word_1_233' title='bbox 1489 4381 1637 4461; x_wconf 88' lang='lat' dir='ltr'><strong><em>collecta,</em></strong></span> <span class='ocrx_word' id='word_1_234' title='bbox 1666 4385 1700 4447; x_wconf 87' lang='lat' dir='ltr'><strong><em>et</em></strong></span> <span class='ocrx_word' id='word_1_235' title='bbox 1720 4378 1950 4447; x_wconf 86' lang='lat' dir='ltr'><strong><em>commentariis</em></strong></span> <span class='ocrx_word' id='word_1_236' title='bbox 1970 4386 2064 4446; x_wconf 90' lang='lat' dir='ltr'><strong><em>aucta</em></strong></span> <span class='ocrx_word' id='word_1_237' title='bbox 2085 4382 2222 4449; x_wconf 91' lang='lat' dir='ltr'><strong><em>omnium</em></strong></span> 
     </span>
     <span class='ocr_line' id='line_1_33' title="bbox 485 4478 2223 4565; baseline -0.001 -15"><span class='ocrx_word' id='word_1_238' title='bbox 485 4481 630 4550; x_wconf 90' lang='lat' dir='ltr'><strong><em>manibus</em></strong></span> <span class='ocrx_word' id='word_1_239' title='bbox 651 4482 781 4562; x_wconf 86' lang='lat' dir='ltr'><strong><em>teritur,</em></strong></span> <span class='ocrx_word' id='word_1_240' title='bbox 803 4496 841 4545; x_wconf 89' lang='lat' dir='ltr'><strong><em>ea</em></strong></span> <span class='ocrx_word' id='word_1_241' title='bbox 863 4478 1075 4544; x_wconf 87' lang='lat' dir='ltr'><strong><em>collocationis</em></strong></span> <span class='ocrx_word' id='word_1_242' title='bbox 1096 4480 1215 4561; x_wconf 91' lang='lat' dir='ltr'><strong><em>specie,</em></strong></span> <span class='ocrx_word' id='word_1_243' title='bbox 1235 4484 1273 4544; x_wconf 91' lang='lat' dir='ltr'><strong><em>ut</em></strong></span> <span class='ocrx_word' id='word_1_244' title='bbox 1293 4479 1320 4543; x_wconf 90' lang='lat' dir='ltr'><strong><em>si</em></strong></span> <span class='ocrx_word' id='word_1_245' title='bbox 1340 4481 1409 4562; x_wconf 88' lang='lat' dir='ltr'><strong><em>quis</em></strong></span> <span class='ocrx_word' id='word_1_246' title='bbox 1428 4497 1498 4546; x_wconf 86' lang='lat' dir='ltr'><strong><em>eam</em></strong></span> <span class='ocrx_word' id='word_1_247' title='bbox 1519 4486 1660 4547; x_wconf 80' lang='lat' dir='ltr'><strong><em>retexere</em></strong></span> <span class='ocrx_word' id='word_1_248' title='bbox 1682 4480 1796 4563; x_wconf 86' lang='lat' dir='ltr'><strong><em>cupiat,</em></strong></span> <span class='ocrx_word' id='word_1_249' title='bbox 1819 4480 1911 4562; x_wconf 88' lang='lat' dir='ltr'><strong><em>quasi</em></strong></span> <span class='ocrx_word' id='word_1_250' title='bbox 1933 4478 2062 4546; x_wconf 89' lang='lat' dir='ltr'><strong><em>Phidiae</em></strong></span> <span class='ocrx_word' id='word_1_251' title='bbox 2083 4480 2223 4565; x_wconf 84' lang='lat' dir='ltr'><strong><em>clypeum</em></strong></span> 
     </span>
     <span class='ocr_line' id='line_1_34' title="bbox 486 4577 2222 4662; baseline 0 -15"><span class='ocrx_word' id='word_1_252' title='bbox 486 4579 657 4648; x_wconf 87' lang='lat' dir='ltr'><strong><em>dissolvere</em></strong></span> <span class='ocrx_word' id='word_1_253' title='bbox 676 4580 830 4647; x_wconf 84' lang='lat' dir='ltr'><strong><em>videatur.</em></strong></span> <span class='ocrx_word' id='word_1_254' title='bbox 872 4577 975 4660; x_wconf 87' lang='lat' dir='ltr'><strong><em>Atque</em></strong></span> <span class='ocrx_word' id='word_1_255' title='bbox 1002 4578 1077 4643; x_wconf 89' lang='lat' dir='ltr'><strong><em>licet</em></strong></span> <span class='ocrx_word' id='word_1_256' title='bbox 1107 4579 1134 4644; x_wconf 93' lang='lat' dir='ltr'><strong><em>is</em></strong></span> <span class='ocrx_word' id='word_1_257' title='bbox 1162 4578 1287 4660; x_wconf 91' lang='lat' dir='ltr'><strong><em>quidem</em></strong></span> <span class='ocrx_word' id='word_1_258' title='bbox 1318 4579 1436 4660; x_wconf 91' lang='lat' dir='ltr'><strong><em>optima</em></strong></span> <span class='ocrx_word' id='word_1_259' title='bbox 1463 4579 1578 4647; x_wconf 87' lang='lat' dir='ltr'><strong><em>aetatis</em></strong></span> <span class='ocrx_word' id='word_1_260' title='bbox 1603 4584 1695 4662; x_wconf 84' lang='lat' dir='ltr'><strong><em>parte</em></strong></span> <span class='ocrx_word' id='word_1_261' title='bbox 1722 4579 1773 4645; x_wconf 92' lang='lat' dir='ltr'><strong><em>die</em></strong></span> <span class='ocrx_word' id='word_1_262' title='bbox 1796 4578 1954 4662; x_wconf 82' lang='lat' dir='ltr'><strong>XXIIX⁸)</strong></span> <span class='ocrx_word' id='word_1_263' title='bbox 1974 4579 2111 4661; x_wconf 79' lang='lat' dir='ltr'><strong><em>Augusti</em></strong></span> <span class='ocrx_word' id='word_1_264' title='bbox 2139 4598 2222 4647; x_wconf 91' lang='lat' dir='ltr'><strong><em>anuo</em></strong></span> 
     </span>
     <span class='ocr_line' id='line_1_35' title="bbox 486 4677 2223 4763; baseline -0.001 -16"><span class='ocrx_word' id='word_1_265' title='bbox 486 4678 652 4748; x_wconf 82' lang='lat' dir='ltr'>MDXOVI</span> <span class='ocrx_word' id='word_1_266' title='bbox 672 4678 851 4763; x_wconf 83' lang='lat' dir='ltr'><strong><em>dysenteria</em></strong></span> <span class='ocrx_word' id='word_1_267' title='bbox 873 4678 1028 4742; x_wconf 81' lang='lat' dir='ltr'><strong><em>extinctus</em></strong></span> <span class='ocrx_word' id='word_1_268' title='bbox 1050 4677 1173 4759; x_wconf 88' lang='lat' dir='ltr'><strong><em>obierit,</em></strong></span> <span class='ocrx_word' id='word_1_269' title='bbox 1195 4682 1301 4743; x_wconf 88' lang='lat' dir='ltr'><strong><em>tamen</em></strong></span> <span class='ocrx_word' id='word_1_270' title='bbox 1315 4679 1388 4759; x_wconf 91' lang='lat' dir='ltr'><strong><em>quia</em></strong></span> <span class='ocrx_word' id='word_1_271' title='bbox 1402 4681 1563 4761; x_wconf 89' lang='lat' dir='ltr'><strong><em>perlectae</em></strong></span> <span class='ocrx_word' id='word_1_272' title='bbox 1577 4679 1702 4747; x_wconf 88' lang='lat' dir='ltr'><strong><em>virtutis</em></strong></span> <span class='ocrx_word' id='word_1_273' title='bbox 1717 4684 1751 4745; x_wconf 89' lang='lat' dir='ltr'><strong><em>et</em></strong></span> <span class='ocrx_word' id='word_1_274' title='bbox 1767 4678 1929 4745; x_wconf 90' lang='lat' dir='ltr'><strong><em>doctrinae</em></strong></span> <span class='ocrx_word' id='word_1_275' title='bbox 1942 4677 2081 4760; x_wconf 83' lang='lat' dir='ltr'><strong><em>perlecto</em></strong></span> <span class='ocrx_word' id='word_1_276' title='bbox 2097 4679 2223 4747; x_wconf 86' lang='lat' dir='ltr'><strong><em>functus</em></strong></span> 
     </span>
     <span class='ocr_line' id='line_1_36' title="bbox 485 4776 2222 4863; baseline -0.001 -15"><span class='ocrx_word' id='word_1_277' title='bbox 485 4786 536 4848; x_wconf 87' lang='lat' dir='ltr'><strong><em>est</em></strong></span> <span class='ocrx_word' id='word_1_278' title='bbox 555 4797 698 4862; x_wconf 89' lang='lat' dir='ltr'><strong><em>munere,</em></strong></span> <span class='ocrx_word' id='word_1_279' title='bbox 719 4797 781 4844; x_wconf 93' lang='lat' dir='ltr'><strong><em>non</em></strong></span> <span class='ocrx_word' id='word_1_280' title='bbox 802 4795 915 4861; x_wconf 88' lang='lat' dir='ltr'><strong><em>parum</em></strong></span> <span class='ocrx_word' id='word_1_281' title='bbox 935 4776 990 4842; x_wconf 93' lang='lat' dir='ltr'><strong><em>diu</em></strong></span> <span class='ocrx_word' id='word_1_282' title='bbox 1009 4777 1126 4843; x_wconf 82' lang='lat' dir='ltr'><strong><em>uixisse</em></strong></span> <span class='ocrx_word' id='word_1_283' title='bbox 1144 4777 1310 4860; x_wconf 88' lang='lat' dir='ltr'><strong><em>putabitur</em></strong></span> <span class='ocrx_word' id='word_1_284' title='bbox 1331 4779 1387 4861; x_wconf 80' lang='lat' dir='ltr'><strong><em>iia,</em></strong></span> <span class='ocrx_word' id='word_1_285' title='bbox 1415 4780 1469 4863; x_wconf 92' lang='lat' dir='ltr'><strong><em>qui</em></strong></span> <span class='ocrx_word' id='word_1_286' title='bbox 1489 4780 1587 4848; x_wconf 84' lang='lat' dir='ltr'><strong><em>vitam</em></strong></span> <span class='ocrx_word' id='word_1_287' title='bbox 1607 4780 1708 4862; x_wconf 91' lang='lat' dir='ltr'><strong><em>ipsam</em></strong></span> <span class='ocrx_word' id='word_1_288' title='bbox 1734 4796 1796 4844; x_wconf 92' lang='lat' dir='ltr'><strong><em>non</em></strong></span> <span class='ocrx_word' id='word_1_289' title='bbox 1816 4795 1970 4844; x_wconf 91' lang='lat' dir='ltr'><strong><em>annorum</em></strong></span> <span class='ocrx_word' id='word_1_290' title='bbox 1992 4796 2136 4862; x_wconf 90' lang='lat' dir='ltr'><strong><em>numero,</em></strong></span> <span class='ocrx_word' id='word_1_291' title='bbox 2165 4781 2222 4846; x_wconf 91' lang='lat' dir='ltr'><strong><em>sed</em></strong></span> 
     </span>
     <span class='ocr_line' id='line_1_37' title="bbox 487 4877 1397 4964; baseline -0.004 -17"><span class='ocrx_word' id='word_1_292' title='bbox 487 4880 619 4964; x_wconf 89' lang='lat' dir='ltr'><strong><em>perenni</em></strong></span> <span class='ocrx_word' id='word_1_293' title='bbox 640 4879 743 4945; x_wconf 82' lang='lat' dir='ltr'><strong><em>exacti</em></strong></span> <span class='ocrx_word' id='word_1_294' title='bbox 760 4877 904 4944; x_wconf 90' lang='lat' dir='ltr'><strong><em>curriculi</em></strong></span> <span class='ocrx_word' id='word_1_295' title='bbox 925 4878 1021 4944; x_wconf 90' lang='lat' dir='ltr'><strong><em>laude</em></strong></span> <span class='ocrx_word' id='word_1_296' title='bbox 1042 4883 1075 4943; x_wconf 90' lang='lat' dir='ltr'><strong><em>et</em></strong></span> <span class='ocrx_word' id='word_1_297' title='bbox 1096 4877 1196 4960; x_wconf 85' lang='lat' dir='ltr'><strong><em>gloria</em></strong></span> <span class='ocrx_word' id='word_1_298' title='bbox 1216 4878 1397 4945; x_wconf 88' lang='lat' dir='ltr'><strong><em>metiuntur.</em></strong></span> 
     </span>
    </p>
   </div>
   <div class='ocr_carea' id='block_1_9' title="bbox 585 5155 1543 5573">
    <p class='ocr_par' dir='ltr' id='par_1_15' title="bbox 587 5155 935 5226">
     <span class='ocr_line' id='line_1_38' title="bbox 587 5155 935 5226; baseline -0.006 -14"><span class='ocrx_word' id='word_1_299' title='bbox 587 5159 616 5226; x_wconf 89' lang='grc'><strong><em>1)</em></strong></span> <span class='ocrx_word' id='word_1_300' title='bbox 632 5157 717 5212; x_wconf 85' lang='lat' dir='ltr'><strong><em>Deest</em></strong></span> <span class='ocrx_word' id='word_1_301' title='bbox 733 5155 935 5212; x_wconf 73' lang='lat' dir='ltr'><strong><em>substantivum.</em></strong></span> 
     </span>
    </p>

    <p class='ocr_par' dir='ltr' id='par_1_16' title="bbox 586 5242 954 5310">
     <span class='ocr_line' id='line_1_39' title="bbox 586 5242 954 5310; baseline 0.003 -13"><span class='ocrx_word' id='word_1_302' title='bbox 586 5246 616 5307; x_wconf 80' lang='lat'><strong><em>2)</em></strong></span> <span class='ocrx_word' id='word_1_303' title='bbox 634 5242 815 5310; x_wconf 74' lang='lat' dir='ltr'><strong><em>anagramma</em></strong></span> <span class='ocrx_word' id='word_1_304' title='bbox 831 5242 954 5298; x_wconf 89' lang='lat' dir='ltr'><strong><em>nominis.</em></strong></span> 
     </span>
    </p>

    <p class='ocr_par' dir='ltr' id='par_1_17' title="bbox 586 5327 1380 5400">
     <span class='ocr_line' id='line_1_40' title="bbox 586 5327 1380 5400; baseline 0.003 -16"><span class='ocrx_word' id='word_1_305' title='bbox 586 5329 616 5398; x_wconf 81' lang='lat'><strong><em>3)</em></strong></span> <span class='ocrx_word' id='word_1_306' title='bbox 633 5329 668 5381; x_wconf 90' lang='lat' dir='ltr'><strong><em>A.</em></strong></span> <span class='ocrx_word' id='word_1_307' title='bbox 687 5330 751 5383; x_wconf 80' lang='grc'>1591</span> <span class='ocrx_word' id='word_1_308' title='bbox 772 5329 824 5383; x_wconf 92' lang='lat' dir='ltr'><strong><em>hoc</em></strong></span> <span class='ocrx_word' id='word_1_309' title='bbox 842 5327 942 5383; x_wconf 84' lang='lat' dir='ltr'><strong><em>iactum</em></strong></span> <span class='ocrx_word' id='word_1_310' title='bbox 959 5342 1036 5400; x_wconf 84' lang='lat' dir='ltr'><strong><em>esse,</em></strong></span> <span class='ocrx_word' id='word_1_311' title='bbox 1060 5340 1096 5383; x_wconf 81' lang='lat' dir='ltr'><strong><em>ex</em></strong></span> <span class='ocrx_word' id='word_1_312' title='bbox 1113 5327 1186 5383; x_wconf 89' lang='lat' dir='ltr'><strong><em>Albo</em></strong></span> <span class='ocrx_word' id='word_1_313' title='bbox 1205 5328 1281 5386; x_wconf 80' lang='lat' dir='ltr'><strong><em>acad</em></strong></span> <span class='ocrx_word' id='word_1_314' title='bbox 1298 5336 1380 5400; x_wconf 80' lang='lat' dir='ltr'><strong><em>patet</em></strong></span> 
     </span>
    </p>

    <p class='ocr_par' dir='ltr' id='par_1_18' title="bbox 585 5412 852 5483">
     <span class='ocr_line' id='line_1_41' title="bbox 585 5412 852 5483; baseline -0.004 -14"><span class='ocrx_word' id='word_1_315' title='bbox 585 5413 616 5483; x_wconf 80' lang='lat'><strong><em>4)</em></strong></span> <span class='ocrx_word' id='word_1_316' title='bbox 634 5414 726 5483; x_wconf 77' lang='lat' dir='ltr'><strong><em>Imago</em></strong></span> <span class='ocrx_word' id='word_1_317' title='bbox 746 5412 852 5482; x_wconf 76' lang='lat' dir='ltr'><strong><em>Magni.</em></strong></span> 
     </span>
    </p>

    <p class='ocr_par' dir='ltr' id='par_1_19' title="bbox 587 5498 1543 5573">
     <span class='ocr_line' id='line_1_42' title="bbox 587 5498 1543 5573; baseline 0.005 -19"><span class='ocrx_word' id='word_1_318' title='bbox 587 5501 617 5570; x_wconf 79' lang='lat'><strong><em>5)</em></strong></span> <span class='ocrx_word' id='word_1_319' title='bbox 634 5500 767 5557; x_wconf 86' lang='lat' dir='ltr'><strong><em>Pistorius</em></strong></span> <span class='ocrx_word' id='word_1_320' title='bbox 786 5498 811 5555; x_wconf 92' lang='lat' dir='ltr'><strong><em>d.</em></strong></span> <span class='ocrx_word' id='word_1_321' title='bbox 830 5500 911 5556; x_wconf 82' lang='lat' dir='ltr'>XXII</span> <span class='ocrx_word' id='word_1_322' title='bbox 928 5500 1024 5573; x_wconf 82' lang='lat' dir='ltr'><strong><em>habet,</em></strong></span> <span class='ocrx_word' id='word_1_323' title='bbox 1042 5503 1089 5571; x_wconf 88' lang='lat' dir='ltr'><strong><em>qui</em></strong></span> <span class='ocrx_word' id='word_1_324' title='bbox 1107 5501 1166 5560; x_wconf 88' lang='lat' dir='ltr'><strong><em>dies</em></strong></span> <span class='ocrx_word' id='word_1_325' title='bbox 1186 5502 1360 5561; x_wconf 82' lang='lat' dir='ltr'><strong><em>confirmatur</em></strong></span> <span class='ocrx_word' id='word_1_326' title='bbox 1376 5502 1449 5560; x_wconf 82' lang='lat' dir='ltr'><strong><em>Albo</em></strong></span> <span class='ocrx_word' id='word_1_327' title='bbox 1467 5501 1543 5560; x_wconf 79' lang='lat' dir='ltr'><strong><em>acad.</em></strong></span> 
     </span>
    </p>
   </div>
   <div class='ocr_carea' id='block_1_10' title="bbox 0 0 2710 7267">
    <p class='ocr_par' dir='ltr' id='par_1_20' title="bbox 0 0 2710 7267">
     <span class='ocr_line' id='line_1_43' title="bbox 0 0 2710 7267; baseline 0 0"><span class='ocrx_word' id='word_1_328' title='bbox 0 0 2710 7267; x_wconf 95' lang='lat' dir='ltr'><strong><em> </em></strong></span> 
     </span>
    </p>
   </div>
  </div>
 </body>
</html>
