5409 7267
964 1128 1198 1196 Reinhardus
1219 1128 1418 1196 Lorichius

1098 1234 1288 1293 Hadamariua

423 1354 483 1420 Hic
509 1372 578 1420 cum
604 1373 625 1419 a
651 1352 759 1437 primis
785 1353 970 1420 Academiae
1004 1354 1197 1438 temporibus
1227 1355 1420 1422 uoluntatem
1451 1354 1652 1436 studiumque
1680 1372 1771 1420 suum
1797 1354 1840 1421 ad
1867 1354 2062 1437 Paedagogei

323 1453 539 1520 transtulisset
566 1454 721 1536 regimen,
758 1454 956 1535 postmodum
983 1453 1118 1520 oratoris
1148 1471 1317 1536 aggressus
1351 1474 1463 1522 munus
1498 1453 1683 1536 composite,
1724 1459 1835 1519 ornate
1870 1459 1904 1520 et
1937 1455 2063 1538 copiose

318 1554 519 1637 juventutem
539 1552 641 1635 eloqui
663 1539 769 1619 doc'uit
788 1571 851 1618 non
872 1553 940 1619 sine
961 1554 1070 1636 genio,
1094 1553 1143 1619 vir
1164 1571 1240 1621 sane
1260 1553 1293 1620 in
1315 1554 1454 1621 docendo
1476 1553 1646 1620 acerrimus
1676 1557 1710 1617 et
1730 1552 1978 1637 copiosissimus,
2008 1551 2062 1637 qui

323 1672 371 1736 ea,
393 1653 432 1720 de
452 1652 563 1743 quibus
583 1651 637 1718 alii
657 1652 746 1719 tenui
766 1652 903 1733 quodam
917 1657 950 1718 et
966 1653 1079 1735 exiguo
1099 1671 1242 1719 sermone
1262 1654 1435 1736 disputant,
1456 1653 1625 1719 amnicum
1640 1652 1797 1734 grauime
1817 1657 1850 1718 et
1867 1652 2064 1736 jucunditate

323 1751 503 1835 explicaret,
528 1752 683 1836 ideoque
704 1751 828 1834 exejus
851 1753 942 1833 quasi
963 1752 1036 1818 ludo
1059 1757 1093 1819 et
1113 1753 1237 1819 dicendi
1259 1752 1382 1819 officina
1401 1754 1495 1820 multi
1515 1752 1677 1837 prodiere,
1696 1752 1750 1835 qui
1769 1757 1881 1834 postea
1898 1753 2006 1821 riurlis
2025 1772 2063 1820 ex

323 1852 407 1920 illius
436 1852 634 1934 eloquentiae
661 1850 787 1917 flumine
799 1851 831 1932 ¹)
868 1851 1009 1917 deductis
1042 1852 1186 1919 hortulos
1221 1872 1294 1919 suos
1326 1854 1509 1935 irrigamnt.
1548 1852 1633 1940 ¹Nec
1662 1852 1828 1936 honorum,
1844 1935 1846 1937 v
1863 1851 1917 1936 qui
1941 1872 1981 1921 ex
2008 1852 2063 1919 ad·

322 1941 552 2019 ministratione
570 1950 695 2034 publica
714 1955 887 2033 exurgunt,
907 1949 968 2017 fuit
986 1970 1085 2018 exors.
1128 1952 1209 2019 Nam
1228 1952 1347 2037 Decani
1368 1953 1517 2036 equidem
1533 1971 1647 2019 munus
1667 1959 1796 2040 quater,
1817 1970 1970 2020 summum
1990 1971 2063 2020 uero

323 2050 355 2116 in
378 2051 546 2117 Academia
567 2051 785 2133 magistratum
805 2050 855 2116 bis
877 2051 1079 2135 sustinuit2).
1121 2052 1254 2136 Reliqua
1275 2071 1293 2119 e
1314 2053 1431 2135 Nigidii
1451 2046 1517 2135 peti
1538 2057 1670 2136 possunt
1691 2052 1879 2119 testimonio.

805 2150 925 2220 Eprepic
942 2149 1050 2227 docteea
1069 2152 1228 2222 Rbetarque
1247 2152 1442 2207 Hadamarius
1459 2153 1526 2208 olim

838 2237 948 2291 Eutitit
964 2238 1009 2293 bic
1025 2238 1121 2308 ingens
1139 2238 1229 2293 lunen
1243 2239 1385 2309 honorque
1402 2238 1519 2295 edrone.

806 2323 970 2379 libetur-icus
987 2322 1083 2380 docuit
1098 2324 1189 2390 ciaon
1208 2323 1291 2379 laude
1305 2325 1460 2395 professor,

839 2409 935 2479 Ipsius
949 2414 983 2464 ut
997 2411 1078 2465 tobes
1095 2410 1171 2466 celita
1189 2411 1296 2481 scripta
1308 2411 1438 2481 probant.

806 2495 969 2550 Innumeras
982 2496 1064 2564 fudit
1080 2512 1175 2561 sereres
1189 2496 1347 2567 praediuite
1365 2512 1442 2564 aena,
1507 2561 1509 2565 Α

842 2581 919 2651 Quae
930 2581 1020 2651 fluuit
1036 2582 1115 2639 docto
1125 2582 1153 2653 ⁸)
1172 2583 1269 2639 acuas
1287 2589 1313 2638 et
1330 2584 1391 2653 ipse
1407 2583 1488 2653 stylo.

807 2668 874 2723 Non
888 2668 1007 2737 referem
1024 2670 1069 2724 bic
1086 2670 1160 2725 alias
1178 2669 1269 2736 doma,
1294 2670 1392 2739 quibus
1406 2670 1453 2724 elle
1470 2667 1582 2736 aiebat,

840 2754 956 2824 Inpenio
970 2760 1138 2825 praestans,
1152 2762 1265 2826 pectore
1276 2755 1356 2825 fidus
1372 2758 1461 2811 borna

806 2840 864 2895 Hic
881 2856 972 2895 omnes
989 2842 1097 2897 Rbetor
1116 2842 1286 2898 memorandi
1304 2842 1434 2897 excelluit
1451 2846 1519 2908 arte,

841 2926 980 2982 Doctrina
998 2927 1105 2996 clarus,
1126 2929 1248 2984 mnibus
1265 2935 1347 2998 atquc
1363 2928 1450 2984 bonu.

805 3013 957 3068 Postmodo
976 3012 1066 3069 diuini
1083 3014 1238 3086 sporpendo
1256 3016 1361 3071 semina
1377 3014 1460 3080 subi,

840 3099 969 3154 Externa
988 3105 1029 3156 est
1041 3100 1139 3169 sactus
1152 3117 1256 3172 praeco
1268 3100 1364 3170 fidelis
1381 3102 1463 3157 buno
1473 3102 1506 3166 ⁴).

808 3185 864 3241 Hic
883 3186 952 3242 obiit
969 3192 1097 3256 martem,
1116 3186 1215 3259 diguus
1231 3188 1343 3244 meliore
1358 3186 1487 3257 profecto

842 3272 972 3329 Fortuna
989 3279 1017 3329 et
1033 3290 1116 3329 cursu
1131 3275 1311 3344 prosperiore
1324 3274 1397 3342 frui.
1578 3325 1587 3341 ,

327 3357 467 3424 Tandem
489 3377 560 3423 cum
581 3357 622 3422 ad
643 3375 733 3423 sacra
755 3358 930 3439 appulisset
951 3361 1103 3440 animum,
1125 3360 1210 3424 uerbi
1225 3360 1319 3424 divini
1332 3378 1444 3441 praeco
1458 3358 1560 3424 iactus
1580 3375 1662 3424 anno
1676 3359 1858 3427 MDXLIIX
1878 3358 2063 3427 Bembachir

324 3457 381 3523 sub
410 3457 565 3523 nobilibus
597 3474 617 3520 a
643 3455 889 3521 Franckenstein
921 3458 1002 3522 diem
1035 3476 1127 3523 suum
1161 3459 1238 3524 obiit
1249 3459 1288 3541 ³).
1346 3457 1396 3523 Ex
1423 3458 1548 3539 scriptis
1579 3459 1677 3540 ipsius
1711 3462 1747 3524 in
1769 3459 2061 3543 Proppmuasmata

323 3560 502 3643 Aplrtlronii
531 3555 668 3634 scholia,
707 3560 740 3619 et
775 3555 814 3621 cle
843 3555 1053 3638 Principibus
1086 3558 1304 3640 informandis
1338 3564 1497 3624 tractatus
1532 3559 1706 3624 succinctus
1741 3557 1794 3625 ille
1828 3558 1968 3640 quidem,
2005 3559 2063 3625 sed

323 3656 574 3740 elegantissimus
595 3670 736 3736 prorsus,
755 3658 792 3720 ut
805 3653 865 3720 hac
885 3655 918 3720 in
938 3662 1030 3737 parte
1049 3658 1145 3722 etiam
1164 3656 1300 3723 Patricio
1321 3657 1391 3739 ipsi,
1411 3658 1466 3739 qui
1487 3658 1528 3723 de
1547 3676 1645 3740 regno
1668 3658 1779 3725 eodem
1792 3656 1857 3724 fere
1875 3664 2062 3741 argumento

323 3758 462 3839 scripsit,
484 3754 621 3837 palmam
640 3753 850 3835 praeripuisse
869 3754 1032 3839 uideatur,
1066 3762 1185 3822 extant.
1233 3755 1358 3823 Erasini
1382 3773 1508 3839 quoque
1535 3757 1675 3823 libellum
1702 3759 1741 3824 de
1767 3758 1921 3825 civilitate
1939 3779 2064 3825 murus

322 3861 359 3924 iu
390 3858 570 3924 succinctas
602 3860 633 3920 et
663 3856 832 3921 memmiae
855 3856 1023 3938 juvandae
1048 3858 1144 3924 utiles
1170 3858 1370 3940 quaestiones
1403 3856 1536 3938 digessit
1566 3862 1600 3922 et
1628 3857 1844 3940 locupletavit:
1877 3859 1943 3926 titt
1974 3859 2063 3925 Liuii
2125 3899 2135 3927 ι

323 3959 486 4025 orationes
507 3975 613 4022 omnes
633 3975 672 4021 eu
693 3954 788 4021 libris
808 3955 848 4021 de
869 3955 910 4020 H
930 3956 1010 4023 bello
1031 3957 1156 4023 Punico
1178 3957 1316 4041 artificio
1337 3956 1518 4023 Dialectico
1538 3964 1570 4025 et
1588 3957 1759 4025 Rhetorica
1781 3957 1952 4024 illustravit
1969 3963 2004 4024 et
2023 3976 2063 4023 ex

323 4057 435 4123 iisdem
456 4055 686 4136 Miscellanea,
715 4054 948 4122 obseruationes
975 4064 1006 4122 et
1032 4058 1297 4141 apophthegmata
1324 4074 1431 4122 rerum
1459 4057 1704 4124 memorabilium
1727 4057 1896 4139 excerpsit:
1936 4056 2062 4141 scripsit

324 4158 402 4224 item
422 4161 607 4238 argumenta
628 4156 666 4220 in
685 4173 790 4220 munes
811 4157 981 4236 orationes,
1000 4157 1114 4238 quibus
1134 4161 1348 4238 accesserunt,
1368 4172 1447 4237 quae
1467 4160 1578 4223 exunt
1597 4157 1684 4238 apud
1703 4156 1853 4239 &imm
1873 4156 2061 4238 Suustuem,

326 4259 362 4339 Q.
391 4256 555 4337 Curtium,
595 4254 630 4323 0.
651 4255 836 4335 canarno,
869 4253 1052 4322 Cornelium
1074 4258 1220 4323 Tacitum
1246 4262 1277 4322 et
1303 4257 1535 4322 Herodianum.
1578 4255 1713 4339 Collegit
1739 4256 1939 4323 Medicinam
1967 4257 2062 4323 etiam

324 4360 465 4437 animm,
494 4358 548 4423 cui
574 4356 688 4422 nortis
714 4355 988 4421 conmentatiorus
1016 4362 1047 4422 et
1076 4356 1306 4423 musulationes
1333 4356 1483 4437 additae,
1522 4360 1556 4421 et
1581 4356 1719 4422 carmine
1749 4355 1914 4439 descripsit
1940 4356 2063 4423 Asuui

322 4458 502 4524 Persarum
531 4455 631 4539 Rupis
663 4455 854 4533 counimum,
893 4457 930 4519 et
955 4454 1059 4521 Parii.
1083 4476 1218 4523 ocenum·
1240 4455 1506 4538 Rhetorioornque
1536 4458 1573 4521 in
1605 4456 1823 4537 compendium
1853 4463 1889 4522 'et
1902 4484 1905 4487 >
1920 4456 2062 4524 eamne

321 4557 445 4637 redegit
456 4558 495 4638 ⁸).
1056 4595 1057 4599 =
1687 4580 1688 4583 ¹
1776 4609 1779 4614 .

421 4708 453 4861 g
465 4702 732 4858 11ῗῦῗῶῗῇοῇ
750 4805 775 4846 a
795 4792 863 4847 1540
879 4789 1052 4849 mceractoris
1074 4805 1186 4845 munere
1202 4790 1310 4846 iunctm
1331 4795 1388 4854 est;
1414 4791 1448 4848 ct.
1467 4792 1523 4847 rite
1540 4790 1639 4848 ammi
1659 4790 1792 4845 Cratonis
1826 4787 1898 4844 Albo
1916 4788 2062 4860 mseriptus

322 4884 365 4936 est
389 4879 461 4935 inter
491 4877 593 4945 primos
620 4874 787 4932 Academiae
816 4876 890 4933 drea
920 4892 945 4932 a
974 4880 1041 4933 1527
1068 4876 1162 4932 addite
1188 4874 1321 4945 dignitate
1345 4877 1478 4933 bonarum
1506 4878 1647 4934 literarum
1673 4873 1845 4948 professoris.
1891 4874 2008 4931 Pistorio
2035 4882 2063 4931 et

322 4966 478 5036 Ayrmunno
496 4962 651 5019 auctoribus
668 4962 832 5032 professioni
849 4963 985 5018 oramriae
1004 4961 1039 5017 ab
1056 4977 1080 5017 a
1099 4963 1165 5017 1535
1182 4960 1225 5017 ad
1237 4976 1262 5017 a.
1282 4965 1349 5018 1548
1365 4965 1492 5033 praefuit

419 5052 451 5204 3
467 5047 670 5205 &ogga
687 5134 743 5190 Dil·
760 5148 810 5203 per
828 5148 948 5190 amorem
964 5133 1075 5203 scripsit
1093 5139 1215 5189 euurna
1225 5139 1254 5190 at
1268 5136 1359 5192 boma

421 5226 450 5289 5)
468 5221 585 5277 Pistoris
600 5226 670 5276 teste
681 5220 750 5276 obiit
767 5220 831 5276 cire.
845 5222 919 5292 1556,
941 5220 1072 5276 Striederi
1089 5221 1388 5290 inauspicatarum
1405 5228 1539 5278 normam
1550 5220 1678 5291 indicant,
1696 5220 1822 5291 Nigidius
1840 5235 1939 5276 annm
1953 5218 2063 5289 quidem

322 5309 416 5366 mortis
442 5308 546 5373 omisit,
571 5308 622 5363 sed
639 5306 774 5379 siquidem
792 5322 827 5363 ex
845 5307 920 5380 loco,
938 5322 1020 5378 quem
1037 5307 1109 5363 eiin
1126 5306 1250 5375 catalogo
1267 5305 1426 5380 suodedit,
1445 5307 1607 5365 concludere
1623 5307 1702 5377 licet,
1721 5323 1746 5363 a
1766 5307 1826 5363 tere
1844 5308 1910 5362 1561
1928 5311 2063 5363 manuum

321 5400 450 5550 omnis}
465 5400 612 5535 {silurorum
629 5478 711 5549 tituli,
729 5494 798 5548 quos
810 5479 864 5535 Dil.
883 5495 899 5535 e
917 5478 1025 5535 simleri
1042 5478 1160 5550 epitoma
1178 5478 1303 5539 biblioth.
1320 5480 1435 5537 Gesneri
1449 5481 1555 5548 sumsit,
1573 5480 1647 5551 apud
1659 5478 1828 5539 Striederum
1844 5479 1953 5535 minim
1969 5492 2061 5534 omnes

320 5573 570 5623 commemorantur.
