<?xml version="1.0" encoding="UTF-8"?>
<!DOCTYPE html PUBLIC "-//W3C//DTD XHTML 1.0 Transitional//EN"
    "http://www.w3.org/TR/xhtml1/DTD/xhtml1-transitional.dtd">
<html xmlns="http://www.w3.org/1999/xhtml" xml:lang="en" lang="en">
 <head>
  <title>
</title>
<meta http-equiv="Content-Type" content="text/html;charset=utf-8" />
  <meta name='ocr-system' content='tesseract 3.04.00' />
  <meta name='ocr-capabilities' content='ocr_page ocr_carea ocr_par ocr_line ocrx_word'/>
</head>
<body>
  <div class='ocr_page' id='page_1' title='image "./urbsetacademiam01caesgoog_0095.png"; bbox 0 0 5409 7267; ppageno 0'>
   <div class='ocr_carea' id='block_1_1' title="bbox 486 962 532 1034">
    <p class='ocr_par' dir='ltr' id='par_1_1' title="bbox 486 962 532 1034">
     <span class='ocr_line' id='line_1_1' title="bbox 486 962 532 1034; baseline 0 0"><span class='ocrx_word' id='word_1_1' title='bbox 486 962 532 1034; x_wconf 82' lang='grc'>88</span> 
     </span>
    </p>
   </div>
   <div class='ocr_carea' id='block_1_2' title="bbox 483 1159 2222 2322">
    <p class='ocr_par' dir='ltr' id='par_1_2' title="bbox 483 1159 2222 2322">
     <span class='ocr_line' id='line_1_2' title="bbox 486 1159 2222 1251; baseline 0 -18"><span class='ocrx_word' id='word_1_2' title='bbox 486 1171 577 1233; x_wconf 82' lang='lat' dir='ltr'>terro</span> <span class='ocrx_word' id='word_1_3' title='bbox 597 1166 745 1251; x_wconf 57' lang='lat' dir='ltr'>milleto</span> <span class='ocrx_word' id='word_1_4' title='bbox 764 1170 798 1233; x_wconf 87' lang='lat' dir='ltr'>et</span> <span class='ocrx_word' id='word_1_5' title='bbox 809 1167 904 1250; x_wconf 75' lang='lat' dir='ltr'>sorte</span> <span class='ocrx_word' id='word_1_6' title='bbox 919 1166 995 1231; x_wconf 89' lang='lat' dir='ltr'>item</span> <span class='ocrx_word' id='word_1_7' title='bbox 1015 1164 1103 1231; x_wconf 80' lang='lat' dir='ltr'>salso</span> <span class='ocrx_word' id='word_1_8' title='bbox 1122 1165 1157 1230; x_wconf 74' lang='lat' dir='ltr'>is</span> <span class='ocrx_word' id='word_1_9' title='bbox 1178 1162 1315 1246; x_wconf 73' lang='lat' dir='ltr'>Offensus</span> <span class='ocrx_word' id='word_1_10' title='bbox 1334 1178 1399 1227; x_wconf 92' lang='lat' dir='ltr'>non</span> <span class='ocrx_word' id='word_1_11' title='bbox 1420 1161 1526 1244; x_wconf 81' lang='lat' dir='ltr'>procul</span> <span class='ocrx_word' id='word_1_12' title='bbox 1546 1179 1567 1228; x_wconf 88' lang='lat' dir='ltr'>a</span> <span class='ocrx_word' id='word_1_13' title='bbox 1587 1160 1746 1244; x_wconf 78' lang='lat' dir='ltr'>Wrmpina</span> <span class='ocrx_word' id='word_1_14' title='bbox 1765 1166 1799 1226; x_wconf 88' lang='lat' dir='ltr'>et</span> <span class='ocrx_word' id='word_1_15' title='bbox 1818 1159 1888 1227; x_wconf 88' lang='lat' dir='ltr'>aliis</span> <span class='ocrx_word' id='word_1_16' title='bbox 1912 1160 2025 1228; x_wconf 76' lang='lat' dir='ltr'>adsitis</span> <span class='ocrx_word' id='word_1_17' title='bbox 2049 1162 2222 1233; x_wconf 85' lang='lat' dir='ltr'>Tractatus</span> 
     </span>
     <span class='ocr_line' id='line_1_3' title="bbox 484 1258 2222 1346; baseline -0.002 -11"><span class='ocrx_word' id='word_1_18' title='bbox 484 1265 669 1335; x_wconf 85' lang='lat' dir='ltr'>Germanici.</span> <span class='ocrx_word' id='word_1_19' title='bbox 710 1266 874 1333; x_wconf 84' lang='lat' dir='ltr'>caeterum</span> <span class='ocrx_word' id='word_1_20' title='bbox 896 1265 956 1331; x_wconf 92' lang='lat' dir='ltr'>etsi</span> <span class='ocrx_word' id='word_1_21' title='bbox 977 1264 1036 1330; x_wconf 86' lang='lat' dir='ltr'>viri</span> <span class='ocrx_word' id='word_1_22' title='bbox 1054 1263 1154 1346; x_wconf 90' lang='lat' dir='ltr'>ipsius</span> <span class='ocrx_word' id='word_1_23' title='bbox 1174 1260 1292 1344; x_wconf 80' lang='lat' dir='ltr'>effigies</span> <span class='ocrx_word' id='word_1_24' title='bbox 1306 1260 1397 1328; x_wconf 87' lang='lat' dir='ltr'>nohis</span> <span class='ocrx_word' id='word_1_25' title='bbox 1411 1278 1474 1326; x_wconf 94' lang='lat' dir='ltr'>non</span> <span class='ocrx_word' id='word_1_26' title='bbox 1487 1265 1546 1344; x_wconf 73' lang='lat' dir='ltr'>est,</span> <span class='ocrx_word' id='word_1_27' title='bbox 1567 1266 1676 1327; x_wconf 81' lang='lat' dir='ltr'>tamen</span> <span class='ocrx_word' id='word_1_28' title='bbox 1697 1278 1833 1342; x_wconf 88' lang='lat' dir='ltr'>carmen,</span> <span class='ocrx_word' id='word_1_29' title='bbox 1853 1258 1938 1342; x_wconf 86' lang='lat' dir='ltr'>quod</span> <span class='ocrx_word' id='word_1_30' title='bbox 1958 1260 2059 1327; x_wconf 90' lang='lat' dir='ltr'>cidem</span> <span class='ocrx_word' id='word_1_31' title='bbox 2078 1264 2222 1332; x_wconf 83' lang='lat' dir='ltr'><strong>subdidit</strong></span> 
     </span>
     <span class='ocr_line' id='line_1_4' title="bbox 483 1358 1662 1449; baseline -0.005 -18"><span class='ocrx_word' id='word_1_32' title='bbox 483 1364 641 1448; x_wconf 85' lang='lat' dir='ltr'>Vultejus,</span> <span class='ocrx_word' id='word_1_33' title='bbox 660 1370 790 1449; x_wconf 86' lang='lat' dir='ltr'>propter</span> <span class='ocrx_word' id='word_1_34' title='bbox 809 1364 997 1449; x_wconf 81' lang='lat' dir='ltr'>elegantiam</span> <span class='ocrx_word' id='word_1_35' title='bbox 1015 1364 1101 1429; x_wconf 89' lang='lat' dir='ltr'>iectu</span> <span class='ocrx_word' id='word_1_36' title='bbox 1124 1360 1339 1444; x_wconf 82' lang='lat' dir='ltr'>dignissimum</span> <span class='ocrx_word' id='word_1_37' title='bbox 1356 1360 1509 1443; x_wconf 88' lang='lat' dir='ltr'>subjicere</span> <span class='ocrx_word' id='word_1_38' title='bbox 1528 1358 1662 1443; x_wconf 75' lang='lat' dir='ltr'><strong>placuit:</strong></span> 
     </span>
     <span class='ocr_line' id='line_1_5' title="bbox 969 1459 1682 1529; baseline -0.006 -11"><span class='ocrx_word' id='word_1_39' title='bbox 969 1462 1047 1518; x_wconf 82' lang='lat' dir='ltr'>Vidit</span> <span class='ocrx_word' id='word_1_40' title='bbox 1062 1467 1095 1516; x_wconf 78' lang='lat' dir='ltr'>at</span> <span class='ocrx_word' id='word_1_41' title='bbox 1110 1460 1181 1517; x_wconf 76' lang='lat' dir='ltr'>horse</span> <span class='ocrx_word' id='word_1_42' title='bbox 1198 1460 1289 1514; x_wconf 75' lang='lat' dir='ltr'>Marii</span> <span class='ocrx_word' id='word_1_43' title='bbox 1305 1460 1421 1529; x_wconf 77' lang='lat' dir='ltr'>speciest</span> <span class='ocrx_word' id='word_1_44' title='bbox 1439 1460 1577 1516; x_wconf 72' lang='lat' dir='ltr'>Latonius</span> <span class='ocrx_word' id='word_1_45' title='bbox 1593 1459 1682 1527; x_wconf 70' lang='lat' dir='ltr'>heroa</span> 
     </span>
     <span class='ocr_line' id='line_1_6' title="bbox 999 1544 1738 1617; baseline -0.005 -14"><span class='ocrx_word' id='word_1_46' title='bbox 999 1545 1283 1617; x_wconf 59' lang='lat' dir='ltr'>Orommmotdeo,</span> <span class='ocrx_word' id='word_1_47' title='bbox 1300 1552 1485 1614; x_wconf 68' lang='lat' dir='ltr'>messiam,</span> <span class='ocrx_word' id='word_1_48' title='bbox 1502 1545 1600 1615; x_wconf 56' lang='lat' dir='ltr'>huod,</span> <span class='ocrx_word' id='word_1_49' title='bbox 1617 1544 1738 1600; x_wconf 62' lang='lat' dir='ltr'>uuus?</span> 
     </span>
     <span class='ocr_line' id='line_1_7' title="bbox 965 1631 1659 1704; baseline -0.001 -17"><span class='ocrx_word' id='word_1_50' title='bbox 965 1634 1072 1704; x_wconf 79' lang='lat' dir='ltr'>corpas</span> <span class='ocrx_word' id='word_1_51' title='bbox 1088 1639 1121 1687; x_wconf 81' lang='lat' dir='ltr'>at</span> <span class='ocrx_word' id='word_1_52' title='bbox 1137 1632 1254 1703; x_wconf 72' lang='lat' dir='ltr'>offisque</span> <span class='ocrx_word' id='word_1_53' title='bbox 1266 1632 1377 1702; x_wconf 82' lang='lat' dir='ltr'>pictor,</span> <span class='ocrx_word' id='word_1_54' title='bbox 1392 1631 1549 1703; x_wconf 63' lang='lat' dir='ltr'>poradta</span> <span class='ocrx_word' id='word_1_55' title='bbox 1562 1632 1659 1686; x_wconf 68' lang='lat' dir='ltr'>nentis</span> 
     </span>
     <span class='ocr_line' id='line_1_8' title="bbox 997 1716 1523 1791; baseline -0.004 -17"><span class='ocrx_word' id='word_1_56' title='bbox 997 1719 1122 1791; x_wconf 66' lang='lat' dir='ltr'>sperasti</span> <span class='ocrx_word' id='word_1_57' title='bbox 1140 1720 1212 1774; x_wconf 79' lang='lat' dir='ltr'>tanti</span> <span class='ocrx_word' id='word_1_58' title='bbox 1223 1734 1310 1790; x_wconf 78' lang='lat' dir='ltr'>posse</span> <span class='ocrx_word' id='word_1_59' title='bbox 1327 1717 1431 1788; x_wconf 78' lang='lat' dir='ltr'>referre</span> <span class='ocrx_word' id='word_1_60' title='bbox 1447 1716 1523 1773; x_wconf 77' lang='lat' dir='ltr'>oiri?</span> 
     </span>
     <span class='ocr_line' id='line_1_9' title="bbox 965 1804 1686 1878; baseline -0.001 -17"><span class='ocrx_word' id='word_1_61' title='bbox 965 1806 1043 1861; x_wconf 81' lang='lat' dir='ltr'>Haec</span> <span class='ocrx_word' id='word_1_62' title='bbox 1060 1820 1178 1876; x_wconf 75' lang='lat' dir='ltr'>qaoque,</span> <span class='ocrx_word' id='word_1_63' title='bbox 1201 1805 1228 1861; x_wconf 84' lang='lat' dir='ltr'>si</span> <span class='ocrx_word' id='word_1_64' title='bbox 1244 1820 1339 1875; x_wconf 85' lang='lat' dir='ltr'>posses</span> <span class='ocrx_word' id='word_1_65' title='bbox 1357 1810 1578 1874; x_wconf 74' lang='lat' dir='ltr'>repraesentare,</span> <span class='ocrx_word' id='word_1_66' title='bbox 1589 1804 1686 1878; x_wconf 69' lang='lat' dir='ltr'>fipsro</span> 
     </span>
     <span class='ocr_line' id='line_1_10' title="bbox 999 1889 1552 1959; baseline -0.002 -13"><span class='ocrx_word' id='word_1_67' title='bbox 999 1890 1152 1946; x_wconf 71' lang='lat' dir='ltr'>Persimsiis</span> <span class='ocrx_word' id='word_1_68' title='bbox 1169 1896 1281 1945; x_wconf 78' lang='lat' dir='ltr'>nostroe</span> <span class='ocrx_word' id='word_1_69' title='bbox 1296 1895 1356 1945; x_wconf 82' lang='lat' dir='ltr'>tota</span> <span class='ocrx_word' id='word_1_70' title='bbox 1368 1889 1472 1958; x_wconf 70' lang='lat' dir='ltr'>sotios</span> <span class='ocrx_word' id='word_1_71' title='bbox 1483 1890 1552 1959; x_wconf 80' lang='lat' dir='ltr'>fait.</span> 
     </span>
     <span class='ocr_line' id='line_1_11' title="bbox 971 1974 1718 2047; baseline -0.003 -14"><span class='ocrx_word' id='word_1_72' title='bbox 971 1978 1052 2033; x_wconf 80' lang='lat' dir='ltr'>Vates</span> <span class='ocrx_word' id='word_1_73' title='bbox 1069 1983 1096 2032; x_wconf 87' lang='lat' dir='ltr'>st</span> <span class='ocrx_word' id='word_1_74' title='bbox 1112 1975 1252 2042; x_wconf 70' lang='lat' dir='ltr'>Mediceis,</span> <span class='ocrx_word' id='word_1_75' title='bbox 1277 1975 1372 2033; x_wconf 70' lang='lat' dir='ltr'>Vaces</span> <span class='ocrx_word' id='word_1_76' title='bbox 1389 1974 1579 2046; x_wconf 74' lang='lat' dir='ltr'>Medioumpse</span> <span class='ocrx_word' id='word_1_77' title='bbox 1595 1976 1718 2047; x_wconf 72' lang='lat' dir='ltr'><strong><em>referret,</em></strong></span> 
     </span>
     <span class='ocr_line' id='line_1_12' title="bbox 998 2061 1686 2132; baseline 0 -14"><span class='ocrx_word' id='word_1_78' title='bbox 998 2063 1084 2118; x_wconf 77' lang='lat' dir='ltr'>Locis</span> <span class='ocrx_word' id='word_1_79' title='bbox 1100 2068 1127 2120; x_wconf 85' lang='lat' dir='ltr'>et</span> <span class='ocrx_word' id='word_1_80' title='bbox 1142 2064 1284 2117; x_wconf 68' lang='lat' dir='ltr'>cauom</span> <span class='ocrx_word' id='word_1_81' title='bbox 1304 2061 1406 2117; x_wconf 81' lang='lat' dir='ltr'>Rector</span> <span class='ocrx_word' id='word_1_82' title='bbox 1423 2077 1553 2132; x_wconf 69' lang='lat' dir='ltr'>usumque</span> <span class='ocrx_word' id='word_1_83' title='bbox 1569 2062 1686 2118; x_wconf 59' lang='grc' dir='ltr'>πλοῖα,</span> 
     </span>
     <span class='ocr_line' id='line_1_13' title="bbox 965 2147 1700 2219; baseline 0 -15"><span class='ocrx_word' id='word_1_84' title='bbox 965 2150 1021 2204; x_wconf 81' lang='lat' dir='ltr'>Hic</span> <span class='ocrx_word' id='word_1_85' title='bbox 1032 2149 1141 2219; x_wconf 80' lang='lat' dir='ltr'>primas</span> <span class='ocrx_word' id='word_1_86' title='bbox 1159 2154 1230 2204; x_wconf 80' lang='lat' dir='ltr'>tenet</span> <span class='ocrx_word' id='word_1_87' title='bbox 1245 2147 1341 2216; x_wconf 60' lang='lat' dir='ltr'>inv),</span> <span class='ocrx_word' id='word_1_88' title='bbox 1358 2148 1426 2219; x_wconf 80' lang='lat' dir='ltr'>poio</span> <span class='ocrx_word' id='word_1_89' title='bbox 1443 2164 1510 2203; x_wconf 76' lang='lat' dir='ltr'>nos:</span> <span class='ocrx_word' id='word_1_90' title='bbox 1529 2154 1556 2204; x_wconf 84' lang='lat' dir='ltr'>ct</span> <span class='ocrx_word' id='word_1_91' title='bbox 1572 2165 1639 2203; x_wconf 78' lang='lat' dir='ltr'>esus</span> <span class='ocrx_word' id='word_1_92' title='bbox 1655 2148 1700 2204; x_wconf 73' lang='lat' dir='ltr'>att</span> 
     </span>
     <span class='ocr_line' id='line_1_14' title="bbox 997 2234 1706 2322; baseline -0.006 -32"><span class='ocrx_word' id='word_1_93' title='bbox 997 2235 1053 2322; x_wconf 67' lang='lat' dir='ltr'>list</span> <span class='ocrx_word' id='word_1_94' title='bbox 1068 2235 1158 2300; x_wconf 78' lang='lat' dir='ltr'>ector,</span> <span class='ocrx_word' id='word_1_95' title='bbox 1177 2240 1210 2289; x_wconf 83' lang='lat' dir='ltr'>st</span> <span class='ocrx_word' id='word_1_96' title='bbox 1226 2234 1318 2289; x_wconf 81' lang='lat' dir='ltr'>nobis:</span> <span class='ocrx_word' id='word_1_97' title='bbox 1334 2234 1425 2289; x_wconf 73' lang='lat' dir='ltr'>lmen</span> <span class='ocrx_word' id='word_1_98' title='bbox 1442 2240 1555 2304; x_wconf 71' lang='lat' dir='ltr'>surque</span> <span class='ocrx_word' id='word_1_99' title='bbox 1572 2237 1706 2301; x_wconf 61' lang='grc' dir='ltr'>Μ’).</span> 
     </span>
    </p>
   </div>
   <div class='ocr_carea' id='block_1_3' title="bbox 1152 2418 1542 2486">
    <p class='ocr_par' dir='ltr' id='par_1_3' title="bbox 1152 2418 1542 2486">
     <span class='ocr_line' id='line_1_15' title="bbox 1152 2418 1542 2486; baseline 0 -1"><span class='ocrx_word' id='word_1_100' title='bbox 1152 2418 1333 2485; x_wconf 88' lang='lat' dir='ltr'>Henricus</span> <span class='ocrx_word' id='word_1_101' title='bbox 1357 2418 1542 2486; x_wconf 89' lang='lat' dir='ltr'>Botterus</span> 
     </span>
    </p>
   </div>
   <div class='ocr_carea' id='block_1_4' title="bbox 482 2553 2219 2743">
    <p class='ocr_par' dir='ltr' id='par_1_4' title="bbox 482 2553 2219 2743">
     <span class='ocr_line' id='line_1_16' title="bbox 579 2553 2218 2642; baseline 0.002 -16"><span class='ocrx_word' id='word_1_102' title='bbox 579 2560 714 2627; x_wconf 89' lang='lat' dir='ltr'>Natione</span> <span class='ocrx_word' id='word_1_103' title='bbox 734 2554 908 2622; x_wconf 89' lang='lat' dir='ltr'>Hoilandus</span> <span class='ocrx_word' id='word_1_104' title='bbox 935 2571 1032 2635; x_wconf 84' lang='lat' dir='ltr'>quum</span> <span class='ocrx_word' id='word_1_105' title='bbox 1056 2570 1164 2619; x_wconf 89' lang='lat' dir='ltr'>omnes</span> <span class='ocrx_word' id='word_1_106' title='bbox 1190 2553 1286 2618; x_wconf 85' lang='lat' dir='ltr'>animi</span> <span class='ocrx_word' id='word_1_107' title='bbox 1320 2559 1417 2635; x_wconf 79' lang='lat' dir='ltr'>atque</span> <span class='ocrx_word' id='word_1_108' title='bbox 1451 2554 1570 2636; x_wconf 81' lang='lat' dir='ltr'>ingenii</span> <span class='ocrx_word' id='word_1_109' title='bbox 1598 2554 1682 2619; x_wconf 82' lang='lat' dir='ltr'>vires</span> <span class='ocrx_word' id='word_1_110' title='bbox 1714 2555 1748 2619; x_wconf 93' lang='lat' dir='ltr'>in</span> <span class='ocrx_word' id='word_1_111' title='bbox 1773 2555 1997 2642; x_wconf 81' lang='lat' dir='ltr'>philosophicis</span> <span class='ocrx_word' id='word_1_112' title='bbox 2027 2568 2061 2628; x_wconf 90' lang='lat' dir='ltr'>ct</span> <span class='ocrx_word' id='word_1_113' title='bbox 2088 2562 2218 2629; x_wconf 88' lang='lat' dir='ltr'>medicis</span> 
     </span>
     <span class='ocr_line' id='line_1_17' title="bbox 482 2652 2219 2743; baseline 0 -13"><span class='ocrx_word' id='word_1_114' title='bbox 482 2662 596 2730; x_wconf 89' lang='lat' dir='ltr'>studiis</span> <span class='ocrx_word' id='word_1_115' title='bbox 624 2657 828 2743; x_wconf 83' lang='lat' dir='ltr'>profudisset,</span> <span class='ocrx_word' id='word_1_116' title='bbox 856 2672 925 2721; x_wconf 84' lang='lat' dir='ltr'>eam</span> <span class='ocrx_word' id='word_1_117' title='bbox 952 2672 1024 2719; x_wconf 88' lang='lat' dir='ltr'>mox</span> <span class='ocrx_word' id='word_1_118' title='bbox 1051 2652 1167 2718; x_wconf 85' lang='lat' dir='ltr'>famam</span> <span class='ocrx_word' id='word_1_119' title='bbox 1195 2658 1403 2735; x_wconf 76' lang='lat' dir='ltr'>consequutus</span> <span class='ocrx_word' id='word_1_120' title='bbox 1432 2658 1498 2734; x_wconf 90' lang='lat' dir='ltr'>est,</span> <span class='ocrx_word' id='word_1_121' title='bbox 1532 2654 1628 2719; x_wconf 89' lang='lat' dir='ltr'>utin</span> <span class='ocrx_word' id='word_1_122' title='bbox 1654 2652 1812 2720; x_wconf 58' lang='lat' dir='ltr'>Medicina</span> <span class='ocrx_word' id='word_1_123' title='bbox 1842 2656 2017 2726; x_wconf 71' lang='lat' dir='ltr'>factimda</span> <span class='ocrx_word' id='word_1_124' title='bbox 2045 2662 2219 2729; x_wconf 72' lang='lat' dir='ltr'>haberetur</span> 
     </span>
    </p>
   </div>
   <div class='ocr_carea' id='block_1_5' title="bbox 482 2750 2219 3039">
    <p class='ocr_par' dir='ltr' id='par_1_5' title="bbox 482 2750 2219 3039">
     <span class='ocr_line' id='line_1_18' title="bbox 482 2750 2219 2845; baseline 0.001 -18"><span class='ocrx_word' id='word_1_125' title='bbox 482 2760 697 2845; x_wconf 90' lang='lat' dir='ltr'>peritissimus.</span> <span class='ocrx_word' id='word_1_126' title='bbox 738 2755 874 2837; x_wconf 90' lang='lat' dir='ltr'>Ideoque</span> <span class='ocrx_word' id='word_1_127' title='bbox 894 2771 964 2819; x_wconf 90' lang='lat' dir='ltr'>eam</span> <span class='ocrx_word' id='word_1_128' title='bbox 984 2772 1047 2819; x_wconf 93' lang='lat' dir='ltr'>non</span> <span class='ocrx_word' id='word_1_129' title='bbox 1076 2752 1176 2818; x_wconf 92' lang='lat' dir='ltr'>solum</span> <span class='ocrx_word' id='word_1_130' title='bbox 1204 2752 1237 2817; x_wconf 93' lang='lat' dir='ltr'>in</span> <span class='ocrx_word' id='word_1_131' title='bbox 1257 2752 1424 2819; x_wconf 74' lang='lat' dir='ltr'>Apodemio</span> <span class='ocrx_word' id='word_1_132' title='bbox 1452 2750 1675 2837; x_wconf 83' lang='lat' dir='ltr'>Msrpurgensi</span> <span class='ocrx_word' id='word_1_133' title='bbox 1702 2753 1809 2820; x_wconf 88' lang='lat' dir='ltr'>docuit</span> <span class='ocrx_word' id='word_1_134' title='bbox 1838 2757 2019 2839; x_wconf 89' lang='lat' dir='ltr'>aliquandiu</span> <span class='ocrx_word' id='word_1_135' title='bbox 2028 2760 2075 2844; x_wconf 84' lang='lat'>⁸),</span> <span class='ocrx_word' id='word_1_136' title='bbox 2110 2781 2219 2828; x_wconf 84' lang='lat' dir='ltr'>verum</span> 
     </span>
     <span class='ocr_line' id='line_1_19' title="bbox 482 2851 2218 2945; baseline 0.001 -17"><span class='ocrx_word' id='word_1_137' title='bbox 482 2867 516 2928; x_wconf 91' lang='lat' dir='ltr'>et</span> <span class='ocrx_word' id='word_1_138' title='bbox 534 2857 745 2943; x_wconf 87' lang='lat' dir='ltr'>postmodum,</span> <span class='ocrx_word' id='word_1_139' title='bbox 772 2872 867 2937; x_wconf 86' lang='lat' dir='ltr'>quum</span> <span class='ocrx_word' id='word_1_140' title='bbox 887 2853 1034 2920; x_wconf 83' lang='lat' dir='ltr'>Coloniae</span> <span class='ocrx_word' id='word_1_141' title='bbox 1054 2852 1232 2921; x_wconf 88' lang='lat' dir='ltr'>studiorum</span> <span class='ocrx_word' id='word_1_142' title='bbox 1257 2857 1291 2918; x_wconf 90' lang='lat' dir='ltr'>et</span> <span class='ocrx_word' id='word_1_143' title='bbox 1314 2852 1512 2919; x_wconf 86' lang='lat' dir='ltr'>fortunarum</span> <span class='ocrx_word' id='word_1_144' title='bbox 1533 2852 1641 2918; x_wconf 90' lang='lat' dir='ltr'>sedem</span> <span class='ocrx_word' id='word_1_145' title='bbox 1658 2851 1859 2936; x_wconf 86' lang='lat' dir='ltr'>collocasset,</span> <span class='ocrx_word' id='word_1_146' title='bbox 1890 2857 2052 2926; x_wconf 84' lang='lat' dir='ltr'>illustriss.</span> <span class='ocrx_word' id='word_1_147' title='bbox 2074 2862 2218 2945; x_wconf 79' lang='lat' dir='ltr'>Hessius,</span> 
     </span>
     <span class='ocr_line' id='line_1_20' title="bbox 483 2950 2217 3039; baseline 0.002 -13"><span class='ocrx_word' id='word_1_148' title='bbox 483 2961 530 3026; x_wconf 88' lang='lat' dir='ltr'>uti</span> <span class='ocrx_word' id='word_1_149' title='bbox 549 2964 582 3024; x_wconf 89' lang='lat' dir='ltr'>et</span> <span class='ocrx_word' id='word_1_150' title='bbox 599 2956 772 3039; x_wconf 89' lang='lat' dir='ltr'>complures</span> <span class='ocrx_word' id='word_1_151' title='bbox 786 2954 840 3019; x_wconf 92' lang='lat' dir='ltr'>alii</span> <span class='ocrx_word' id='word_1_152' title='bbox 855 2952 1014 3035; x_wconf 82' lang='lat' dir='ltr'>Principes</span> <span class='ocrx_word' id='word_1_153' title='bbox 1029 2951 1161 3018; x_wconf 89' lang='lat' dir='ltr'>hominis</span> <span class='ocrx_word' id='word_1_154' title='bbox 1181 2950 1265 3017; x_wconf 85' lang='lat' dir='ltr'>fama</span> <span class='ocrx_word' id='word_1_155' title='bbox 1285 2952 1380 3017; x_wconf 81' lang='lat' dir='ltr'>exciti</span> <span class='ocrx_word' id='word_1_156' title='bbox 1399 2951 1537 3035; x_wconf 72' lang='lat' dir='ltr'>eiusdem</span> <span class='ocrx_word' id='word_1_157' title='bbox 1555 2969 1653 3033; x_wconf 89' lang='lat' dir='ltr'>opera</span> <span class='ocrx_word' id='word_1_158' title='bbox 1668 2957 1703 3018; x_wconf 91' lang='lat' dir='ltr'>et</span> <span class='ocrx_word' id='word_1_159' title='bbox 1713 2953 1841 3020; x_wconf 81' lang='lat' dir='ltr'>consilio</span> <span class='ocrx_word' id='word_1_160' title='bbox 1855 2956 1888 3021; x_wconf 94' lang='lat' dir='ltr'>in</span> <span class='ocrx_word' id='word_1_161' title='bbox 1903 2959 2021 3025; x_wconf 84' lang='lat' dir='ltr'>tuenda</span> <span class='ocrx_word' id='word_1_162' title='bbox 2035 2962 2217 3029; x_wconf 83' lang='lat' dir='ltr'>ualetudine</span> 
     </span>
    </p>
   </div>
   <div class='ocr_carea' id='block_1_6' title="bbox 483 3050 1650 3470">
    <p class='ocr_par' dir='ltr' id='par_1_6' title="bbox 483 3050 1650 3470">
     <span class='ocr_line' id='line_1_21' title="bbox 483 3050 1650 3126; baseline -0.01 1"><span class='ocrx_word' id='word_1_163' title='bbox 483 3062 531 3126; x_wconf 92' lang='lat' dir='ltr'>usi</span> <span class='ocrx_word' id='word_1_164' title='bbox 549 3064 631 3126; x_wconf 91' lang='lat' dir='ltr'>sunt.</span> <span class='ocrx_word' id='word_1_165' title='bbox 674 3058 723 3122; x_wconf 90' lang='lat' dir='ltr'>De</span> <span class='ocrx_word' id='word_1_166' title='bbox 744 3053 926 3120; x_wconf 81' lang='lat' dir='ltr'>celebritate</span> <span class='ocrx_word' id='word_1_167' title='bbox 947 3070 1021 3117; x_wconf 85' lang='lat' dir='ltr'>vero</span> <span class='ocrx_word' id='word_1_168' title='bbox 1042 3051 1169 3116; x_wconf 87' lang='lat' dir='ltr'>Henrici</span> <span class='ocrx_word' id='word_1_169' title='bbox 1189 3050 1314 3115; x_wconf 83' lang='lat' dir='ltr'>Botteri</span> <span class='ocrx_word' id='word_1_170' title='bbox 1334 3050 1441 3115; x_wconf 86' lang='lat' dir='ltr'>Herm.</span> <span class='ocrx_word' id='word_1_171' title='bbox 1461 3051 1650 3117; x_wconf 86' lang='lat' dir='ltr'>Fabronius:</span> 
     </span>
     <span class='ocr_line' id='line_1_22' title="bbox 962 3149 1635 3215; baseline 0 -12"><span class='ocrx_word' id='word_1_172' title='bbox 962 3149 1063 3204; x_wconf 77' lang='lat' dir='ltr'>Audiit</span> <span class='ocrx_word' id='word_1_173' title='bbox 1079 3149 1221 3204; x_wconf 54' lang='lat' dir='ltr'>Haemodes</span> <span class='ocrx_word' id='word_1_174' title='bbox 1238 3149 1347 3204; x_wconf 68' lang='lat' dir='ltr'>ceteris</span> <span class='ocrx_word' id='word_1_175' title='bbox 1365 3149 1497 3205; x_wconf 78' lang='lat' dir='ltr'>Botteras</span> <span class='ocrx_word' id='word_1_176' title='bbox 1513 3151 1544 3204; x_wconf 80' lang='lat' dir='ltr'>in</span> <span class='ocrx_word' id='word_1_177' title='bbox 1561 3150 1635 3215; x_wconf 77' lang='lat' dir='ltr'>arde,</span> 
     </span>
     <span class='ocr_line' id='line_1_23' title="bbox 1000 3232 1645 3306; baseline -0.002 -17"><span class='ocrx_word' id='word_1_178' title='bbox 1000 3235 1062 3306; x_wconf 69' lang='lat' dir='ltr'>Quia</span> <span class='ocrx_word' id='word_1_179' title='bbox 1078 3250 1150 3304; x_wconf 71' lang='lat' dir='ltr'>copo</span> <span class='ocrx_word' id='word_1_180' title='bbox 1164 3234 1283 3303; x_wconf 78' lang='lat' dir='ltr'>piscosis</span> <span class='ocrx_word' id='word_1_181' title='bbox 1301 3232 1397 3288; x_wconf 68' lang='lat' dir='ltr'>Heldo</span> <span class='ocrx_word' id='word_1_182' title='bbox 1410 3242 1539 3305; x_wconf 77' lang='lat' dir='ltr'>pererrat</span> <span class='ocrx_word' id='word_1_183' title='bbox 1556 3236 1645 3304; x_wconf 73' lang='lat' dir='ltr'>cquis</span> 
     </span>
     <span class='ocr_line' id='line_1_24' title="bbox 963 3318 1619 3389; baseline 0.002 -14"><span class='ocrx_word' id='word_1_184' title='bbox 963 3321 1071 3375; x_wconf 80' lang='lat' dir='ltr'>Audiat</span> <span class='ocrx_word' id='word_1_185' title='bbox 1085 3325 1118 3375; x_wconf 80' lang='lat' dir='ltr'>ot</span> <span class='ocrx_word' id='word_1_186' title='bbox 1134 3336 1238 3389; x_wconf 68' lang='lat' dir='ltr'>smper</span> <span class='ocrx_word' id='word_1_187' title='bbox 1255 3318 1335 3374; x_wconf 72' lang='lat' dir='ltr'>Catio</span> <span class='ocrx_word' id='word_1_188' title='bbox 1351 3320 1483 3375; x_wconf 80' lang='lat' dir='ltr'>Bottenss</span> <span class='ocrx_word' id='word_1_189' title='bbox 1501 3323 1532 3375; x_wconf 79' lang='lat' dir='ltr'>in</span> <span class='ocrx_word' id='word_1_190' title='bbox 1549 3322 1619 3387; x_wconf 77' lang='lat' dir='ltr'>orbs,</span> 
     </span>
     <span class='ocr_line' id='line_1_25' title="bbox 997 3406 1494 3470; baseline -0.002 -8"><span class='ocrx_word' id='word_1_191' title='bbox 997 3406 1137 3463; x_wconf 77' lang='lat' dir='ltr'>Diiieisius</span> <span class='ocrx_word' id='word_1_192' title='bbox 1155 3406 1285 3470; x_wconf 78' lang='lat' dir='ltr'>statait‘)</span> <span class='ocrx_word' id='word_1_193' title='bbox 1303 3406 1381 3461; x_wconf 73' lang='lat' dir='ltr'>icone</span> <span class='ocrx_word' id='word_1_194' title='bbox 1397 3409 1494 3461; x_wconf 59' lang='lat' dir='ltr'>ciram</span> 
     </span>
    </p>
   </div>
   <div class='ocr_carea' id='block_1_7' title="bbox 1096 3636 1610 3706">
    <p class='ocr_par' dir='ltr' id='par_1_7' title="bbox 1096 3636 1610 3706">
     <span class='ocr_line' id='line_1_26' title="bbox 1096 3636 1610 3706; baseline 0.002 -3"><span class='ocrx_word' id='word_1_195' title='bbox 1096 3636 1315 3705; x_wconf 86' lang='lat' dir='ltr'>Victorinus</span> <span class='ocrx_word' id='word_1_196' title='bbox 1341 3636 1610 3706; x_wconf 87' lang='lat' dir='ltr'>Schonieldius</span> 
     </span>
    </p>
   </div>
   <div class='ocr_carea' id='block_1_8' title="bbox 460 3770 2218 4903">
    <p class='ocr_par' dir='ltr' id='par_1_8' title="bbox 480 3770 2218 4456">
     <span class='ocr_line' id='line_1_27' title="bbox 581 3770 2218 3861; baseline 0.001 -16"><span class='ocrx_word' id='word_1_197' title='bbox 581 3778 709 3845; x_wconf 80' lang='lat' dir='ltr'>Silesius</span> <span class='ocrx_word' id='word_1_198' title='bbox 729 3774 911 3842; x_wconf 90' lang='lat' dir='ltr'>Budissinus</span> <span class='ocrx_word' id='word_1_199' title='bbox 931 3771 1046 3838; x_wconf 87' lang='lat' dir='ltr'>artium</span> <span class='ocrx_word' id='word_1_200' title='bbox 1067 3770 1221 3855; x_wconf 78' lang='lat' dir='ltr'>Magister</span> <span class='ocrx_word' id='word_1_201' title='bbox 1250 3776 1284 3838; x_wconf 95' lang='lat' dir='ltr'>et</span> <span class='ocrx_word' id='word_1_202' title='bbox 1306 3770 1599 3839; x_wconf 86' lang='lat' dir='ltr'>Mathematicarnm</span> <span class='ocrx_word' id='word_1_203' title='bbox 1626 3788 1733 3837; x_wconf 88' lang='lat' dir='ltr'>rerum</span> <span class='ocrx_word' id='word_1_204' title='bbox 1758 3772 1967 3854; x_wconf 89' lang='lat' dir='ltr'>peritissimus</span> <span class='ocrx_word' id='word_1_205' title='bbox 1994 3794 2057 3843; x_wconf 95' lang='lat' dir='ltr'>non</span> <span class='ocrx_word' id='word_1_206' title='bbox 2084 3779 2218 3861; x_wconf 79' lang='lat' dir='ltr'>pulvere</span> 
     </span>
     <span class='ocr_line' id='line_1_28' title="bbox 483 3869 2214 3963; baseline -0.004 -13"><span class='ocrx_word' id='word_1_207' title='bbox 483 3889 518 3951; x_wconf 92' lang='lat' dir='ltr'>et</span> <span class='ocrx_word' id='word_1_208' title='bbox 541 3878 629 3948; x_wconf 87' lang='lat' dir='ltr'>radio</span> <span class='ocrx_word' id='word_1_209' title='bbox 650 3875 810 3945; x_wconf 85' lang='lat' dir='ltr'>scientiam</span> <span class='ocrx_word' id='word_1_210' title='bbox 837 3871 1032 3954; x_wconf 84' lang='lat' dir='ltr'>terminavit,</span> <span class='ocrx_word' id='word_1_211' title='bbox 1063 3869 1119 3937; x_wconf 91' lang='lat' dir='ltr'>sed</span> <span class='ocrx_word' id='word_1_212' title='bbox 1144 3870 1281 3963; x_wconf 81' lang='lat' dir='ltr'>ulterius</span> <span class='ocrx_word' id='word_1_213' title='bbox 1305 3870 1447 3937; x_wconf 76' lang='lat' dir='ltr'>ducendi</span> <span class='ocrx_word' id='word_1_214' title='bbox 1474 3870 1633 3937; x_wconf 75' lang='lat' dir='ltr'>cndidats</span> <span class='ocrx_word' id='word_1_215' title='bbox 1657 3887 1847 3953; x_wconf 79' lang='lat' dir='ltr'>progressus</span> <span class='ocrx_word' id='word_1_216' title='bbox 1874 3872 1917 3939; x_wconf 93' lang='lat' dir='ltr'>ad</span> <span class='ocrx_word' id='word_1_217' title='bbox 1936 3872 2121 3943; x_wconf 74' lang='lat' dir='ltr'>Medicinam</span> <span class='ocrx_word' id='word_1_218' title='bbox 2140 3898 2214 3962; x_wconf 87' lang='lat' dir='ltr'>per-</span> 
     </span>
     <span class='ocr_line' id='line_1_29' title="bbox 483 3969 2217 4061; baseline -0.003 -9"><span class='ocrx_word' id='word_1_219' title='bbox 483 3979 681 4052; x_wconf 69' lang='lat' dir='ltr'>eruendam</span> <span class='ocrx_word' id='word_1_220' title='bbox 702 3993 737 4043; x_wconf 91' lang='lat' dir='ltr'>se</span> <span class='ocrx_word' id='word_1_221' title='bbox 758 3972 853 4039; x_wconf 88' lang='lat' dir='ltr'>dedii.</span> <span class='ocrx_word' id='word_1_222' title='bbox 896 3969 997 4050; x_wconf 86' lang='lat' dir='ltr'>Quum</span> <span class='ocrx_word' id='word_1_223' title='bbox 1018 3971 1126 4053; x_wconf 83' lang='lat' dir='ltr'>itaque</span> <span class='ocrx_word' id='word_1_224' title='bbox 1145 3989 1207 4037; x_wconf 89' lang='lat' dir='ltr'>non</span> <span class='ocrx_word' id='word_1_225' title='bbox 1227 3970 1412 4037; x_wconf 88' lang='lat' dir='ltr'>mediocrem</span> <span class='ocrx_word' id='word_1_226' title='bbox 1431 3970 1463 4037; x_wconf 92' lang='lat' dir='ltr'>in</span> <span class='ocrx_word' id='word_1_227' title='bbox 1483 3988 1520 4036; x_wconf 92' lang='lat' dir='ltr'>eo</span> <span class='ocrx_word' id='word_1_228' title='bbox 1536 3969 1641 4037; x_wconf 89' lang='lat' dir='ltr'>studio</span> <span class='ocrx_word' id='word_1_229' title='bbox 1651 3988 1777 4053; x_wconf 88' lang='lat' dir='ltr'>operam</span> <span class='ocrx_word' id='word_1_230' title='bbox 1791 3988 1961 4056; x_wconf 85' lang='lat' dir='ltr'>curamque</span> <span class='ocrx_word' id='word_1_231' title='bbox 1974 3978 2217 4061; x_wconf 86' lang='lat' dir='ltr'>consumpsisset</span> 
     </span>
     <span class='ocr_line' id='line_1_30' title="bbox 482 4067 2218 4158; baseline -0.005 -8"><span class='ocrx_word' id='word_1_232' title='bbox 482 4077 665 4150; x_wconf 87' lang='lat' dir='ltr'>eruditionis</span> <span class='ocrx_word' id='word_1_233' title='bbox 686 4094 724 4141; x_wconf 85' lang='lat' dir='ltr'>ac</span> <span class='ocrx_word' id='word_1_234' title='bbox 745 4071 918 4153; x_wconf 74' lang='lat' dir='ltr'>doctrinae,</span> <span class='ocrx_word' id='word_1_235' title='bbox 947 4088 1030 4136; x_wconf 86' lang='lat' dir='ltr'>anno</span> <span class='ocrx_word' id='word_1_236' title='bbox 1059 4069 1174 4138; x_wconf 82' lang='lat' dir='ltr'>christ.</span> <span class='ocrx_word' id='word_1_237' title='bbox 1194 4069 1370 4153; x_wconf 65' lang='lat' dir='ltr'>nntvle)</span> <span class='ocrx_word' id='word_1_238' title='bbox 1395 4068 1460 4155; x_wconf 83' lang='lat' dir='ltr'>naj</span> <span class='ocrx_word' id='word_1_239' title='bbox 1485 4069 1594 4136; x_wconf 88' lang='lat' dir='ltr'>ultimo</span> <span class='ocrx_word' id='word_1_240' title='bbox 1615 4067 1794 4136; x_wconf 88' lang='lat' dir='ltr'>conferente</span> <span class='ocrx_word' id='word_1_241' title='bbox 1813 4067 1914 4138; x_wconf 83' lang='lat' dir='ltr'>hierio</span> <span class='ocrx_word' id='word_1_242' title='bbox 1935 4080 2143 4158; x_wconf 81' lang='lat' dir='ltr'>consequutus</span> <span class='ocrx_word' id='word_1_243' title='bbox 2166 4086 2218 4147; x_wconf 82' lang='lat' dir='ltr'>est</span> 
     </span>
     <span class='ocr_line' id='line_1_31' title="bbox 482 4167 2217 4260; baseline -0.003 -14"><span class='ocrx_word' id='word_1_244' title='bbox 482 4178 627 4260; x_wconf 82' lang='lat' dir='ltr'>insignia.</span> <span class='ocrx_word' id='word_1_245' title='bbox 677 4173 806 4240; x_wconf 92' lang='lat' dir='ltr'>Biennio</span> <span class='ocrx_word' id='word_1_246' title='bbox 842 4171 937 4237; x_wconf 87' lang='lat' dir='ltr'>etiam</span> <span class='ocrx_word' id='word_1_247' title='bbox 964 4173 1038 4254; x_wconf 87' lang='lat' dir='ltr'>post</span> <span class='ocrx_word' id='word_1_248' title='bbox 1067 4170 1269 4253; x_wconf 81' lang='lat' dir='ltr'>Academiae,</span> <span class='ocrx_word' id='word_1_249' title='bbox 1308 4188 1389 4254; x_wconf 83' lang='lat' dir='ltr'>quae</span> <span class='ocrx_word' id='word_1_250' title='bbox 1418 4169 1525 4252; x_wconf 81' lang='lat' dir='ltr'>magni</span> <span class='ocrx_word' id='word_1_251' title='bbox 1554 4169 1708 4237; x_wconf 86' lang='lat' dir='ltr'>interesse</span> <span class='ocrx_word' id='word_1_252' title='bbox 1734 4167 1777 4235; x_wconf 85' lang='lat' dir='ltr'>ad</span> <span class='ocrx_word' id='word_1_253' title='bbox 1801 4168 1895 4239; x_wconf 78' lang='lat' dir='ltr'>dectus</span> <span class='ocrx_word' id='word_1_254' title='bbox 1921 4175 1955 4239; x_wconf 83' lang='lat' dir='ltr'>et</span> <span class='ocrx_word' id='word_1_255' title='bbox 1980 4169 2107 4243; x_wconf 78' lang='lat' dir='ltr'>nudem</span> <span class='ocrx_word' id='word_1_256' title='bbox 2126 4195 2217 4245; x_wconf 84' lang='lat' dir='ltr'>snam</span> 
     </span>
     <span class='ocr_line' id='line_1_32' title="bbox 480 4267 2216 4366; baseline 0.001 -21"><span class='ocrx_word' id='word_1_257' title='bbox 480 4276 607 4366; x_wconf 82' lang='lat' dir='ltr'>putavit</span> <span class='ocrx_word' id='word_1_258' title='bbox 626 4291 762 4357; x_wconf 86' lang='lat' dir='ltr'>semper,</span> <span class='ocrx_word' id='word_1_259' title='bbox 794 4278 861 4338; x_wconf 85' lang='lat' dir='ltr'>tam</span> <span class='ocrx_word' id='word_1_260' title='bbox 889 4286 1002 4354; x_wconf 78' lang='lat' dir='ltr'>graves</span> <span class='ocrx_word' id='word_1_261' title='bbox 1027 4274 1154 4351; x_wconf 67' lang='lat' dir='ltr'>umque</span> <span class='ocrx_word' id='word_1_262' title='bbox 1181 4269 1362 4353; x_wconf 82' lang='lat' dir='ltr'>praeclaras</span> <span class='ocrx_word' id='word_1_263' title='bbox 1390 4268 1568 4353; x_wconf 81' lang='lat' dir='ltr'>disciplinae</span> <span class='ocrx_word' id='word_1_264' title='bbox 1602 4268 1706 4337; x_wconf 88' lang='lat' dir='ltr'>doceri</span> <span class='ocrx_word' id='word_1_265' title='bbox 1729 4267 1869 4352; x_wconf 85' lang='lat' dir='ltr'>publice,</span> <span class='ocrx_word' id='word_1_266' title='bbox 1898 4269 2054 4354; x_wconf 88' lang='lat' dir='ltr'>stipendio</span> <span class='ocrx_word' id='word_1_267' title='bbox 2085 4280 2119 4343; x_wconf 91' lang='lat' dir='ltr'>et</span> <span class='ocrx_word' id='word_1_268' title='bbox 2145 4283 2216 4346; x_wconf 85' lang='lat' dir='ltr'>arte</span> 
     </span>
     <span class='ocr_line' id='line_1_33' title="bbox 481 4366 2215 4456; baseline -0.003 -10"><span class='ocrx_word' id='word_1_269' title='bbox 481 4374 723 4446; x_wconf 75' lang='lat' dir='ltr'>Mathematicus</span> <span class='ocrx_word' id='word_1_270' title='bbox 744 4372 878 4456; x_wconf 88' lang='lat' dir='ltr'>primum</span> <span class='ocrx_word' id='word_1_271' title='bbox 898 4370 1045 4436; x_wconf 89' lang='lat' dir='ltr'>scientias</span> <span class='ocrx_word' id='word_1_272' title='bbox 1065 4366 1263 4438; x_wconf 86' lang='lat' dir='ltr'>ethiedicam</span> <span class='ocrx_word' id='word_1_273' title='bbox 1283 4370 1379 4437; x_wconf 87' lang='lat' dir='ltr'>etism</span> <span class='ocrx_word' id='word_1_274' title='bbox 1397 4368 1596 4453; x_wconf 89' lang='lat' dir='ltr'>postmodum</span> <span class='ocrx_word' id='word_1_275' title='bbox 1613 4372 1715 4435; x_wconf 83' lang='lat' dir='ltr'>artem</span> <span class='ocrx_word' id='word_1_276' title='bbox 1734 4367 2215 4456; x_wconf 78' lang='lat' dir='ltr'>explicavitgnaviter,1)eccm</span> 
     </span>
    </p>

    <p class='ocr_par' dir='ltr' id='par_1_9' title="bbox 460 4569 1480 4646">
     <span class='ocr_line' id='line_1_34' title="bbox 460 4569 1480 4646; baseline -0.009 -12"><span class='ocrx_word' id='word_1_277' title='bbox 460 4572 462 4576; x_wconf 68' lang='grc'>’</span> <span class='ocrx_word' id='word_1_278' title='bbox 580 4581 608 4644; x_wconf 91' lang='grc'>1)</span> <span class='ocrx_word' id='word_1_279' title='bbox 625 4574 800 4646; x_wconf 74' lang='lat' dir='ltr'>Negligenter</span> <span class='ocrx_word' id='word_1_280' title='bbox 816 4570 871 4627; x_wconf 80' lang='lat' dir='ltr'>nn</span> <span class='ocrx_word' id='word_1_281' title='bbox 890 4589 945 4628; x_wconf 94' lang='lat' dir='ltr'>non</span> <span class='ocrx_word' id='word_1_282' title='bbox 962 4569 1085 4628; x_wconf 68' lang='lat' dir='ltr'>distinmt</span> <span class='ocrx_word' id='word_1_283' title='bbox 1101 4578 1164 4641; x_wconf 91' lang='lat' dir='ltr'>post</span> <span class='ocrx_word' id='word_1_284' title='bbox 1181 4571 1240 4638; x_wconf 83' lang='lat' dir='ltr'>ilie,</span> <span class='ocrx_word' id='word_1_285' title='bbox 1258 4569 1307 4626; x_wconf 88' lang='lat' dir='ltr'>sed</span> <span class='ocrx_word' id='word_1_286' title='bbox 1321 4577 1386 4640; x_wconf 90' lang='lat' dir='ltr'>post</span> <span class='ocrx_word' id='word_1_287' title='bbox 1404 4576 1480 4626; x_wconf 79' lang='lat' dir='ltr'>tenet.</span> 
     </span>
    </p>

    <p class='ocr_par' dir='ltr' id='par_1_10' title="bbox 581 4658 866 4732">
     <span class='ocr_line' id='line_1_35' title="bbox 581 4658 866 4732; baseline -0.014 -15"><span class='ocrx_word' id='word_1_288' title='bbox 581 4666 609 4732; x_wconf 78' lang='grc'>2)</span> <span class='ocrx_word' id='word_1_289' title='bbox 627 4662 717 4717; x_wconf 88' lang='lat' dir='ltr'>Locus</span> <span class='ocrx_word' id='word_1_290' title='bbox 733 4658 866 4729; x_wconf 73' lang='lat' dir='ltr'>imaginis.</span> 
     </span>
    </p>

    <p class='ocr_par' dir='ltr' id='par_1_11' title="bbox 481 4742 2216 4903">
     <span class='ocr_line' id='line_1_36' title="bbox 579 4742 2215 4815; baseline 0.002 -12"><span class='ocrx_word' id='word_1_291' title='bbox 579 4745 760 4815; x_wconf 79' lang='lat' dir='ltr'>3)1&gt;.xxu.</span> <span class='ocrx_word' id='word_1_292' title='bbox 781 4745 838 4799; x_wconf 89' lang='lat' dir='ltr'>Oet</span> <span class='ocrx_word' id='word_1_293' title='bbox 863 4759 888 4799; x_wconf 85' lang='lat' dir='ltr'>a</span> <span class='ocrx_word' id='word_1_294' title='bbox 908 4742 974 4798; x_wconf 82' lang='grc'><strong>1576</strong></span> <span class='ocrx_word' id='word_1_295' title='bbox 997 4742 1160 4811; x_wconf 87' lang='lat' dir='ltr'>professoris</span> <span class='ocrx_word' id='word_1_296' title='bbox 1186 4757 1283 4797; x_wconf 91' lang='lat' dir='ltr'>munus</span> <span class='ocrx_word' id='word_1_297' title='bbox 1303 4742 1443 4799; x_wconf 88' lang='lat' dir='ltr'>Botterum</span> <span class='ocrx_word' id='word_1_298' title='bbox 1465 4744 1619 4813; x_wconf 78' lang='lat' dir='ltr'>suscepisse</span> <span class='ocrx_word' id='word_1_299' title='bbox 1646 4743 1745 4798; x_wconf 82' lang='lat' dir='ltr'>Album</span> <span class='ocrx_word' id='word_1_300' title='bbox 1768 4744 1844 4801; x_wconf 82' lang='lat' dir='ltr'>saed</span> <span class='ocrx_word' id='word_1_301' title='bbox 1873 4744 1962 4803; x_wconf 75' lang='lat' dir='ltr'>docet.</span> <span class='ocrx_word' id='word_1_302' title='bbox 2015 4746 2093 4815; x_wconf 77' lang='lat' dir='ltr'>Quod</span> <span class='ocrx_word' id='word_1_303' title='bbox 2115 4749 2215 4807; x_wconf 84' lang='lat' dir='ltr'>iactum</span> 
     </span>
     <span class='ocr_line' id='line_1_37' title="bbox 481 4826 2216 4903; baseline -0.001 -11"><span class='ocrx_word' id='word_1_304' title='bbox 481 4836 680 4902; x_wconf 80' lang='lat' dir='ltr'>essea1562,</span> <span class='ocrx_word' id='word_1_305' title='bbox 705 4832 874 4903; x_wconf 80' lang='lat' dir='ltr'>Ayrmannus</span> <span class='ocrx_word' id='word_1_306' title='bbox 897 4826 932 4884; x_wconf 88' lang='lat' dir='ltr'>de</span> <span class='ocrx_word' id='word_1_307' title='bbox 954 4842 1060 4899; x_wconf 74' lang='lat' dir='ltr'>perege.</span> <span class='ocrx_word' id='word_1_308' title='bbox 1078 4828 1159 4884; x_wconf 78' lang='lat' dir='ltr'>ilaus</span> <span class='ocrx_word' id='word_1_309' title='bbox 1177 4826 1247 4899; x_wconf 88' lang='lat' dir='ltr'>prof.</span> <span class='ocrx_word' id='word_1_310' title='bbox 1271 4845 1298 4899; x_wconf 86' lang='lat' dir='ltr'>p.</span> <span class='ocrx_word' id='word_1_311' title='bbox 1319 4829 1351 4883; x_wconf 81' lang='lat' dir='ltr'>li</span> <span class='ocrx_word' id='word_1_312' title='bbox 1374 4845 1427 4886; x_wconf 89' lang='lat' dir='ltr'>non</span> <span class='ocrx_word' id='word_1_313' title='bbox 1450 4828 1531 4899; x_wconf 90' lang='lat' dir='ltr'>dicit;</span> <span class='ocrx_word' id='word_1_314' title='bbox 1555 4836 1629 4887; x_wconf 87' lang='lat' dir='ltr'>errat</span> <span class='ocrx_word' id='word_1_315' title='bbox 1650 4830 1734 4899; x_wconf 72' lang='lat' dir='ltr'>igitur</span> <span class='ocrx_word' id='word_1_316' title='bbox 1756 4829 1876 4888; x_wconf 75' lang='lat' dir='ltr'>Str-ieder</span> <span class='ocrx_word' id='word_1_317' title='bbox 1891 4832 1918 4894; x_wconf 86' lang='lat'>1.</span> <span class='ocrx_word' id='word_1_318' title='bbox 1944 4849 1972 4902; x_wconf 92' lang='lat' dir='ltr'>p.</span> <span class='ocrx_word' id='word_1_319' title='bbox 1990 4833 2052 4890; x_wconf 76' lang='lat'>520.</span> <span class='ocrx_word' id='word_1_320' title='bbox 2082 4863 2116 4875; x_wconf 91' lang='lat'>-</span> <span class='ocrx_word' id='word_1_321' title='bbox 2149 4835 2216 4892; x_wconf 84' lang='lat' dir='ltr'>Post</span> 
     </span>
    </p>
   </div>
   <div class='ocr_carea' id='block_1_9' title="bbox 481 4914 2215 5659">
    <p class='ocr_par' dir='ltr' id='par_1_12' title="bbox 482 4914 995 4991">
     <span class='ocr_line' id='line_1_38' title="bbox 482 4914 995 4991; baseline -0.014 -14"><span class='ocrx_word' id='word_1_322' title='bbox 482 4917 646 4991; x_wconf 69' lang='lat' dir='ltr'>otipomdia</span> <span class='ocrx_word' id='word_1_323' title='bbox 663 4924 753 4973; x_wconf 82' lang='lat' dir='ltr'>exstat</span> <span class='ocrx_word' id='word_1_324' title='bbox 768 4917 846 4971; x_wconf 90' lang='lat' dir='ltr'>locus</span> <span class='ocrx_word' id='word_1_325' title='bbox 862 4914 995 4983; x_wconf 74' lang='lat' dir='ltr'>imaginis.</span> 
     </span>
    </p>

    <p class='ocr_par' dir='ltr' id='par_1_13' title="bbox 579 5000 1323 5077">
     <span class='ocr_line' id='line_1_39' title="bbox 579 5000 1323 5077; baseline -0.001 -18"><span class='ocrx_word' id='word_1_326' title='bbox 579 5007 609 5073; x_wconf 85' lang='lat'>4)</span> <span class='ocrx_word' id='word_1_327' title='bbox 627 5004 681 5058; x_wconf 90' lang='lat' dir='ltr'>Dil.</span> <span class='ocrx_word' id='word_1_328' title='bbox 700 5003 789 5059; x_wconf 89' lang='lat' dir='ltr'>omisit</span> <span class='ocrx_word' id='word_1_329' title='bbox 802 5017 921 5077; x_wconf 63' lang='lat' dir='ltr'>muno,</span> <span class='ocrx_word' id='word_1_330' title='bbox 939 5000 1051 5056; x_wconf 80' lang='lat' dir='ltr'>forsitan</span> <span class='ocrx_word' id='word_1_331' title='bbox 1070 5004 1202 5058; x_wconf 87' lang='lat' dir='ltr'>consulto.</span> <span class='ocrx_word' id='word_1_332' title='bbox 1319 5011 1323 5026; x_wconf 79' lang='lat'><strong><em>⁴</em></strong></span> 
     </span>
    </p>

    <p class='ocr_par' dir='ltr' id='par_1_14' title="bbox 481 5084 2215 5659">
     <span class='ocr_line' id='line_1_40' title="bbox 580 5084 2215 5161; baseline 0.004 -17"><span class='ocrx_word' id='word_1_333' title='bbox 580 5091 609 5157; x_wconf 80' lang='lat'>5)</span> <span class='ocrx_word' id='word_1_334' title='bbox 627 5088 682 5145; x_wconf 87' lang='lat' dir='ltr'>Dii.</span> <span class='ocrx_word' id='word_1_335' title='bbox 699 5089 726 5145; x_wconf 90' lang='lat' dir='ltr'>in</span> <span class='ocrx_word' id='word_1_336' title='bbox 745 5087 807 5143; x_wconf 82' lang='lat' dir='ltr'>enni</span> <span class='ocrx_word' id='word_1_337' title='bbox 830 5086 970 5143; x_wconf 68' lang='lat' dir='ltr'>heudone</span> <span class='ocrx_word' id='word_1_338' title='bbox 994 5093 1068 5141; x_wconf 83' lang='lat' dir='ltr'>errat</span> <span class='ocrx_word' id='word_1_339' title='bbox 1091 5102 1152 5142; x_wconf 87' lang='lat' dir='ltr'>nam</span> <span class='ocrx_word' id='word_1_340' title='bbox 1175 5087 1247 5143; x_wconf 82' lang='lat' dir='ltr'>Albo</span> <span class='ocrx_word' id='word_1_341' title='bbox 1265 5085 1341 5142; x_wconf 85' lang='lat' dir='ltr'>seed</span> <span class='ocrx_word' id='word_1_342' title='bbox 1365 5090 1448 5157; x_wconf 83' lang='lat' dir='ltr'>teste,</span> <span class='ocrx_word' id='word_1_343' title='bbox 1477 5084 1667 5145; x_wconf 63' lang='lat' dir='ltr'>&amp;homcidius</span> <span class='ocrx_word' id='word_1_344' title='bbox 1692 5088 1851 5146; x_wconf 81' lang='lat' dir='ltr'>histheseos</span> <span class='ocrx_word' id='word_1_345' title='bbox 1873 5091 2013 5161; x_wconf 84' lang='lat' dir='ltr'>professor</span> <span class='ocrx_word' id='word_1_346' title='bbox 2036 5090 2132 5149; x_wconf 71' lang='lat' dir='ltr'>ultime</span> <span class='ocrx_word' id='word_1_347' title='bbox 2149 5089 2215 5161; x_wconf 76' lang='lat' dir='ltr'>litii</span> 
     </span>
     <span class='ocr_line' id='line_1_41' title="bbox 483 5163 2212 5248; baseline 0.001 -17"><span class='ocrx_word' id='word_1_348' title='bbox 483 5174 527 5231; x_wconf 89' lang='lat' dir='ltr'>die</span> <span class='ocrx_word' id='word_1_349' title='bbox 546 5192 569 5231; x_wconf 82' lang='lat' dir='ltr'>a</span> <span class='ocrx_word' id='word_1_350' title='bbox 592 5174 766 5231; x_wconf 82' lang='lat' dir='ltr'><strong><em>MDLXVI</em></strong></span> <span class='ocrx_word' id='word_1_351' title='bbox 781 5189 798 5228; x_wconf 82' lang='lat' dir='ltr'>a</span> <span class='ocrx_word' id='word_1_352' title='bbox 814 5172 901 5229; x_wconf 82' lang='lat' dir='ltr'>Mario</span> <span class='ocrx_word' id='word_1_353' title='bbox 919 5170 1070 5228; x_wconf 84' lang='lat' dir='ltr'>medicinae</span> <span class='ocrx_word' id='word_1_354' title='bbox 1085 5173 1190 5230; x_wconf 82' lang='lat' dir='ltr'>Ductor</span> <span class='ocrx_word' id='word_1_355' title='bbox 1204 5163 1399 5245; x_wconf 82' lang='lat' dir='ltr'>pronunciatus</span> <span class='ocrx_word' id='word_1_356' title='bbox 1417 5178 1471 5242; x_wconf 86' lang='lat' dir='ltr'>ost,</span> <span class='ocrx_word' id='word_1_357' title='bbox 1487 5178 1630 5246; x_wconf 77' lang='lat' dir='ltr'>postquam</span> <span class='ocrx_word' id='word_1_358' title='bbox 1647 5173 1673 5238; x_wconf 81' lang='lat' dir='ltr'>d,</span> <span class='ocrx_word' id='word_1_359' title='bbox 1691 5174 1759 5229; x_wconf 79' lang='lat' dir='ltr'>XIX</span> <span class='ocrx_word' id='word_1_360' title='bbox 1774 5174 1839 5231; x_wconf 74' lang='lat' dir='ltr'>ian</span> <span class='ocrx_word' id='word_1_361' title='bbox 1857 5175 1978 5248; x_wconf 79' lang='lat' dir='ltr'>sjmdsm</span> <span class='ocrx_word' id='word_1_362' title='bbox 1995 5178 2060 5234; x_wconf 85' lang='lat' dir='ltr'>anni</span> <span class='ocrx_word' id='word_1_363' title='bbox 2079 5192 2130 5247; x_wconf 88' lang='lat' dir='ltr'>pro</span> <span class='ocrx_word' id='word_1_364' title='bbox 2152 5176 2212 5233; x_wconf 88' lang='lat' dir='ltr'>loco</span> 
     </span>
     <span class='ocr_line' id='line_1_42' title="bbox 481 5256 2213 5335; baseline 0.003 -20"><span class='ocrx_word' id='word_1_365' title='bbox 481 5275 589 5329; x_wconf 81' lang='lat' dir='ltr'>unoque</span> <span class='ocrx_word' id='word_1_366' title='bbox 606 5262 639 5329; x_wconf 81' lang='grc'>(1)</span> <span class='ocrx_word' id='word_1_367' title='bbox 657 5268 685 5316; x_wconf 88' lang='lat' dir='ltr'>et</span> <span class='ocrx_word' id='word_1_368' title='bbox 702 5260 730 5315; x_wconf 90' lang='lat' dir='ltr'>in</span> <span class='ocrx_word' id='word_1_369' title='bbox 747 5259 855 5315; x_wconf 87' lang='lat' dir='ltr'>Artium</span> <span class='ocrx_word' id='word_1_370' title='bbox 874 5263 902 5314; x_wconf 89' lang='lat' dir='ltr'>st</span> <span class='ocrx_word' id='word_1_371' title='bbox 918 5259 947 5313; x_wconf 93' lang='lat' dir='ltr'>in</span> <span class='ocrx_word' id='word_1_372' title='bbox 964 5256 1074 5314; x_wconf 80' lang='lat' dir='ltr'>Medica</span> <span class='ocrx_word' id='word_1_373' title='bbox 1089 5259 1217 5315; x_wconf 66' lang='lat' dir='ltr'>iscultme</span> <span class='ocrx_word' id='word_1_374' title='bbox 1235 5257 1380 5315; x_wconf 88' lang='lat' dir='ltr'>obtinendo</span> <span class='ocrx_word' id='word_1_375' title='bbox 1398 5256 1590 5329; x_wconf 79' lang='lat' dir='ltr'>disputaverat</span> <span class='ocrx_word' id='word_1_376' title='bbox 1624 5260 1696 5318; x_wconf 86' lang='lat' dir='ltr'>Hinc</span> <span class='ocrx_word' id='word_1_377' title='bbox 1710 5261 1738 5316; x_wconf 90' lang='lat' dir='ltr'>in</span> <span class='ocrx_word' id='word_1_378' title='bbox 1748 5261 1847 5318; x_wconf 87' lang='lat' dir='ltr'>ceteris</span> <span class='ocrx_word' id='word_1_379' title='bbox 1864 5276 1986 5333; x_wconf 79' lang='lat' dir='ltr'>quoque,</span> <span class='ocrx_word' id='word_1_380' title='bbox 2004 5278 2075 5335; x_wconf 82' lang='lat' dir='ltr'>quae</span> <span class='ocrx_word' id='word_1_381' title='bbox 2091 5264 2213 5333; x_wconf 82' lang='lat' dir='ltr'>proxime</span> 
     </span>
     <span class='ocr_line' id='line_1_43' title="bbox 482 5343 2214 5417; baseline 0.003 -15"><span class='ocrx_word' id='word_1_382' title='bbox 482 5352 641 5417; x_wconf 82' lang='lat' dir='ltr'>sequuntur,</span> <span class='ocrx_word' id='word_1_383' title='bbox 658 5347 711 5401; x_wconf 73' lang='lat' dir='ltr'>Dii</span> <span class='ocrx_word' id='word_1_384' title='bbox 727 5359 833 5401; x_wconf 89' lang='lat' dir='ltr'>errssse</span> <span class='ocrx_word' id='word_1_385' title='bbox 851 5351 937 5414; x_wconf 85' lang='lat' dir='ltr'>patet,</span> <span class='ocrx_word' id='word_1_386' title='bbox 956 5358 1117 5416; x_wconf 87' lang='lat' dir='ltr'>quamquam</span> <span class='ocrx_word' id='word_1_387' title='bbox 1134 5345 1268 5402; x_wconf 87' lang='lat' dir='ltr'>Pistorius</span> <span class='ocrx_word' id='word_1_388' title='bbox 1285 5361 1310 5401; x_wconf 85' lang='lat' dir='ltr'>a</span> <span class='ocrx_word' id='word_1_389' title='bbox 1328 5347 1395 5400; x_wconf 75' lang='lat'>1557</span> <span class='ocrx_word' id='word_1_390' title='bbox 1412 5343 1571 5402; x_wconf 83' lang='lat' dir='ltr'>Matheseos</span> <span class='ocrx_word' id='word_1_391' title='bbox 1591 5345 1790 5417; x_wconf 74' lang='lat' dir='ltr'>professionem</span> <span class='ocrx_word' id='word_1_392' title='bbox 1808 5346 1984 5406; x_wconf 79' lang='lat' dir='ltr'>Schtnfaldio</span> <span class='ocrx_word' id='word_1_393' title='bbox 2005 5347 2137 5406; x_wconf 71' lang='lat' dir='ltr'>usuam</span> <span class='ocrx_word' id='word_1_394' title='bbox 2153 5364 2214 5408; x_wconf 71' lang='lat' dir='ltr'>sue</span> 
     </span>
     <span class='ocr_line' id='line_1_44' title="bbox 481 5426 2214 5507; baseline 0.004 -20"><span class='ocrx_word' id='word_1_395' title='bbox 481 5432 572 5488; x_wconf 83' lang='lat' dir='ltr'>refert</span> <span class='ocrx_word' id='word_1_396' title='bbox 607 5432 670 5501; x_wconf 84' lang='lat' dir='ltr'>Ipse</span> <span class='ocrx_word' id='word_1_397' title='bbox 685 5432 788 5487; x_wconf 85' lang='lat' dir='ltr'>Rector</span> <span class='ocrx_word' id='word_1_398' title='bbox 805 5447 829 5486; x_wconf 86' lang='lat' dir='ltr'>a.</span> <span class='ocrx_word' id='word_1_399' title='bbox 850 5426 917 5487; x_wconf 74' lang='lat'>1575</span> <span class='ocrx_word' id='word_1_400' title='bbox 936 5428 1036 5485; x_wconf 91' lang='lat' dir='ltr'>nomini</span> <span class='ocrx_word' id='word_1_401' title='bbox 1059 5444 1109 5486; x_wconf 92' lang='lat' dir='ltr'>suo</span> <span class='ocrx_word' id='word_1_402' title='bbox 1135 5431 1163 5486; x_wconf 88' lang='lat' dir='ltr'>in</span> <span class='ocrx_word' id='word_1_403' title='bbox 1186 5431 1259 5487; x_wconf 81' lang='lat' dir='ltr'>Aibc</span> <span class='ocrx_word' id='word_1_404' title='bbox 1282 5432 1352 5487; x_wconf 88' lang='lat' dir='ltr'>haec</span> <span class='ocrx_word' id='word_1_405' title='bbox 1376 5430 1491 5487; x_wconf 85' lang='lat' dir='ltr'>addidit:</span> <span class='ocrx_word' id='word_1_406' title='bbox 1521 5431 1705 5500; x_wconf 73' lang='lat' dir='ltr'>Budissims,</span> <span class='ocrx_word' id='word_1_407' title='bbox 1734 5434 1845 5490; x_wconf 70' lang='lat' dir='ltr'>Artior»</span> <span class='ocrx_word' id='word_1_408' title='bbox 1869 5440 1896 5491; x_wconf 81' lang='lat' dir='ltr'>et</span> <span class='ocrx_word' id='word_1_409' title='bbox 1921 5434 2122 5507; x_wconf 67' lang='lat' dir='ltr'>Ptooooptius</span> <span class='ocrx_word' id='word_1_410' title='bbox 2143 5435 2214 5494; x_wconf 64' lang='lat' dir='ltr'>aas</span> 
     </span>
     <span class='ocr_line' id='line_1_45' title="bbox 481 5516 2215 5594; baseline 0.005 -23"><span class='ocrx_word' id='word_1_411' title='bbox 481 5518 627 5572; x_wconf 62' lang='lat' dir='ltr'>maresc</span> <span class='ocrx_word' id='word_1_412' title='bbox 652 5523 679 5572; x_wconf 85' lang='lat' dir='ltr'>ct</span> <span class='ocrx_word' id='word_1_413' title='bbox 705 5518 839 5586; x_wconf 72' lang='lat' dir='ltr'>Mopister</span> <span class='ocrx_word' id='word_1_414' title='bbox 862 5516 1116 5586; x_wconf 75' lang='lat' dir='ltr'>Witterdcrpcneis:</span> <span class='ocrx_word' id='word_1_415' title='bbox 1152 5517 1307 5575; x_wconf 81' lang='lat' dir='ltr'>Medicinae</span> <span class='ocrx_word' id='word_1_416' title='bbox 1329 5517 1436 5574; x_wconf 82' lang='lat' dir='ltr'>Doctor</span> <span class='ocrx_word' id='word_1_417' title='bbox 1458 5523 1485 5572; x_wconf 87' lang='lat' dir='ltr'>et</span> <span class='ocrx_word' id='word_1_418' title='bbox 1510 5516 1630 5587; x_wconf 52' lang='lat' dir='ltr'>&amp;mdccc</span> <span class='ocrx_word' id='word_1_419' title='bbox 1652 5534 1686 5576; x_wconf 85' lang='lat' dir='ltr'>uc</span> <span class='ocrx_word' id='word_1_420' title='bbox 1707 5518 1864 5577; x_wconf 70' lang='lat' dir='ltr'>modom</span> <span class='ocrx_word' id='word_1_421' title='bbox 1882 5521 2029 5594; x_wconf 73' lang='lat' dir='ltr'>professor</span> <span class='ocrx_word' id='word_1_422' title='bbox 2055 5521 2215 5579; x_wconf 67' lang='lat' dir='ltr'>ordisse-im</span> 
     </span>
     <span class='ocr_line' id='line_1_46' title="bbox 483 5605 639 5659; baseline -0.019 -1"><span class='ocrx_word' id='word_1_423' title='bbox 483 5605 639 5659; x_wconf 70' lang='lat' dir='ltr'>Mamerci.</span> 
     </span>
    </p>
   </div>
   <div class='ocr_carea' id='block_1_10' title="bbox 0 0 2710 7267">
    <p class='ocr_par' dir='ltr' id='par_1_15' title="bbox 0 0 2710 7267">
     <span class='ocr_line' id='line_1_47' title="bbox 0 0 2710 7267; baseline 0 3"><span class='ocrx_word' id='word_1_424' title='bbox 0 0 2710 7267; x_wconf 95' lang='lat' dir='ltr'> </span> 
     </span>
    </p>
   </div>
  </div>
 </body>
</html>
