5409 7267
486 918 554 987 126

483 1106 621 1188 Regibus
643 1103 743 1172 Gallis
773 1109 975 1186 acceperant,
1010 1102 1286 1187 Palaeclogorum,
1318 1102 1565 1170 Justinianorum
1586 1108 1620 1171 et
1650 1101 1890 1188 Syncn‘tioorum
1913 1099 2106 1183 Regularum
2132 1098 2220 1166 inivit

484 1206 629 1287 gratiam.
672 1205 716 1268 At
729 1206 809 1269 enim
824 1222 919 1285 quum
935 1203 1235 1270 turbulentissimam
1251 1204 1323 1269 belli
1338 1203 1458 1269 Turcici
1473 1209 1694 1286 tempestatem
1709 1204 1814 1285 cypro
1832 1201 2011 1283 impendere
2023 1200 2220 1283 praesagiret

484 1306 624 1383 animus,
651 1304 828 1368 Alexandro
849 1322 869 1369 a
890 1302 1106 1385 Schulenburg
1126 1312 1161 1370 et
1182 1303 1404 1385 christophoro
1425 1304 1545 1369 Furero
1567 1303 1805 1386 Noribergensi,
1831 1302 1887 1383 qui
1908 1303 2070 1383 Aegypto,
2103 1299 2220 1364 Arabia

484 1411 518 1469 et
538 1404 630 1487 Syria
654 1403 855 1485 perlustratis
882 1421 920 1469 eo
948 1402 1029 1468 forte
1056 1408 1282 1486 pervenerant,
1321 1404 1486 1469 comitatus
1516 1405 1549 1470 in
1578 1404 1701 1470 Italiam
1732 1403 1827 1468 rediit
1854 1406 1889 1467 et
1914 1419 2011 1483 quum
2039 1398 2219 1481 aliquandiu

484 1505 624 1569 Venetiis
645 1503 838 1568 substitisset
858 1507 953 1586 atque
974 1502 1115 1584 Patavii,
1141 1503 1293 1568 Viennam
1320 1503 1490 1569 contendit.
1532 1500 1648 1568 Verum
1668 1522 1708 1569 ne
1730 1519 1854 1585 quoquo
1875 1500 1967 1566 modo
1987 1500 2220 1580 elanguesceret

453 1621 462 1637 ⁰
484 1604 516 1669 in
537 1604 603 1668 ocio
622 1603 760 1684 animus,
780 1602 914 1683 repetito
934 1602 1062 1684 itinere,
1083 1620 1177 1684 quum
1195 1602 1378 1683 Hungariae
1397 1604 1475 1668 locis
1494 1603 1671 1685 peragratis
1691 1603 1744 1667 vix
1762 1606 1847 1667 esset
1866 1600 2027 1681 ingressus
2046 1597 2220 1664 Mcrasiam

483 1704 516 1768 in
536 1702 710 1784 praedones
732 1700 857 1784 incidit,
884 1701 1034 1782 aquibus
1060 1718 1155 1782 equo,
1188 1704 1319 1782 pecunia
1346 1707 1381 1767 et
1408 1702 1549 1768 restibus
1577 1701 1764 1785 dispoliatus
1786 1700 1950 1767 Strasnicii
1977 1699 2116 1765 occurrit
2141 1695 2220 1763 forte

483 1802 626 1867 Domino.
667 1803 770 1882 Atque
788 1800 839 1866 bic
859 1801 985 1883 quidem
1007 1801 1218 1867 GoRorioam
1238 1802 1409 1867 liberaliter
1436 1801 1578 1868 habitum
1610 1800 1748 1866 vestibus
1772 1800 1856 1883 juvit
1884 1816 1993 1864 mrsus
2023 1803 2057 1863 et
2081 1798 2221 1880 poeumu

483 1902 538 1983 qui
559 1919 653 1983 porro
676 1901 785 1966 exinde
799 1901 1023 1966 Vratislaviam
1045 1900 1175 1967 Silesiae
1195 1903 1393 1984 metropolim
1414 1900 1575 1984 profectus
1594 1919 1663 1966 cum
1684 1899 1810 1965 Nicolao
1831 1898 2030 1979 Rhedingero
2050 1903 2083 1963 et
2104 1895 2221 1964 Jacobo

482 2008 580 2082 atque
606 2001 699 2066 Petro
727 2000 881 2066 Monaviis
901 2000 1132 2082 Wittebergam
1161 2002 1330 2083 concessit,
1358 2002 1533 2083 ibidemque
1562 2001 1700 2066 Peueero
1724 2000 1863 2065 salutato
1891 1998 1933 2064 ad
1959 1997 2176 2063 Alexandrum
2201 2015 2221 2062 a

484 2100 709 2182 Schulenburg,
731 2118 821 2181 quem
841 2101 874 2174 in
893 2101 999 2165 reditu
1023 2100 1158 2183 eGypro
1179 2102 1300 2166 itineris
1321 2102 1464 2168 comitem
1485 2100 1648 2181 habuerat,
1669 2100 1755 2165 abiit.
1796 2098 1901 2182 Hujus
1922 2116 2018 2180 opera
2038 2096 2221 2163 sublevatus

483 2202 517 2265 in
536 2200 694 2265 Poloniam
720 2218 753 2264 se
781 2201 913 2265 contulit
940 2205 973 2264 et
998 2199 1084 2281 apud
1106 2199 1361 2281 Christophorum
1383 2201 1573 2266 Razevilium
1593 2199 1699 2265 Olicae
1719 2198 1838 2263 Ducem
1867 2196 2048 2278 aliquandiu
2069 2196 2220 2261 substitit.

483 2299 545 2365 Sed
568 2300 650 2364 enim
671 2317 766 2380 quum
786 2300 819 2364 in
840 2298 980 2364 Sueciam
1007 2300 1156 2380 navigare
1181 2305 1326 2382 cuperet,
1356 2299 1528 2381 naufragus
1548 2303 1671 2365 mutata
1689 2298 1811 2363 itineris
1833 2297 1953 2362 ratione
1974 2315 2034 2378 per
2053 2296 2221 2375 Gassubos,

486 2400 684 2479 Pomeranos,
703 2398 965 2481 Megapclitanos,
984 2397 1134 2465 Hclsatos
1149 2418 1247 2481 parvo
1261 2400 1427 2465 admodum
1444 2401 1540 2465 maris
1555 2400 1689 2482 trajectu
1702 2396 1849 2463 Hafniam
1868 2397 2011 2478 pervenit
2030 2403 2065 2460 et
2084 2396 2222 2478 acceptis

482 2498 598 2565 ibidem
618 2516 638 2562 a
660 2499 806 2563 Danaaeo
826 2499 931 2580 legato
953 2499 1053 2579 Regio
1073 2500 1116 2564 ad
1139 2499 1260 2565 Galliae
1280 2499 1399 2580 Regem
1426 2499 1525 2565 literis
1546 2500 1579 2563 in
1598 2498 1734 2563 Galliam
1754 2514 1900 2562 reversus
1917 2495 2004 2560 Petri
2024 2495 2222 2577 potissimum
2295 2519 2302 2541 ·

482 2599 605 2664 Pithoei
643 2601 676 2663 et
709 2598 797 2663 Petri
831 2598 923 2663 Rami
955 2616 1051 2664 suasu
1081 2599 1210 2680 Regalis
1247 2599 1431 2680 quibusdam
1463 2618 1482 2664 e
1515 2598 1801 2664 Mesancheriorum
1832 2601 1867 2662 et
1893 2596 2096 2661 Dominarum
2127 2593 2222 2659 dela

484 2699 689 2765 Chauuiniere
709 2698 742 2763 in
758 2697 937 2764 Pictonibus
958 2698 1077 2764 familia
1096 2698 1272 2780 praefectus
1293 2704 1351 2780 est,
1373 2704 1410 2764 ut
1423 2717 1478 2764 eos
1492 2717 1555 2765 non
1570 2699 1663 2763 aliter
1684 2702 1780 2779 atque
1798 2696 1883 2777 apud
1897 2696 2069 2762 Homerum
2082 2695 2222 2760 Phoenix

483 2797 642 2880 Achillem,
663 2803 805 2862 oratores
827 2797 963 2863 efficeret
985 2797 1152 2864 verborum
1172 2804 1205 2864 et
1228 2804 1349 2864 actores
1369 2817 1481 2864 remm.
1523 2799 1660 2880 Ideoque
1680 2798 1751 2863 illos
1771 2798 1858 2879 ipsos
1880 2801 1913 2861 et
1934 2796 1975 2861 ad
1991 2796 2221 2878 Marpurgense

482 2899 737 2965 Panathenaeum
753 2898 886 2980 primum
902 2904 935 2963 et
948 2898 1140 2981 Lipsiensem
1162 2904 1195 2964 et
1207 2899 1489 2980 Wittebergensem
1507 2898 1706 2964 Academiam
1718 2894 1915 2978 postmodnm
1931 2894 2072 2960 adduxit.
2103 2895 2222 2960 Veram

481 3019 576 3082 quum
595 2999 661 3079 jam
682 2997 834 3078 dissipata
856 3002 941 3063 esset
967 2999 1085 3080 passim
1113 2999 1152 3063 de
1172 3000 1296 3064 laniena
1317 2998 1373 3063 illa
1395 2997 1533 3080 Gallica,
1563 3015 1644 3079 quae
1672 3014 1755 3062 anno
1774 2995 1956 3062 MDLXXII
1983 2995 2066 3061 circa
2086 2995 2222 3060 Bartho-

481 3099 595 3164 lomaei
615 3097 731 3162 festum
752 3098 784 3161 in
804 3098 923 3178 nuptiis
943 3098 1072 3163 Henrici
1093 3103 1161 3163 tum
1182 3099 1305 3179 quidem
1326 3099 1515 3179 Navarreni,
1542 3098 1597 3162 sed
1620 3097 1792 3163 Galliarum
1813 3101 1924 3177 postea
1943 3097 2026 3177 regis
2047 3095 2221 3176 fortissimi,

482 3198 586 3278 eoepit
604 3197 749 3276 Parisiis,
771 3195 871 3277 fama,
893 3197 1052 3277 discipulis
1074 3197 1205 3261 aliorum
1225 3197 1296 3262 fidei
1317 3197 1446 3261 creditis
1466 3203 1499 3262 et
1519 3198 1551 3262 in
1571 3196 1715 3277 Angliam
1733 3196 1869 3278 primum
1890 3200 1923 3260 et
1942 3195 2143 3276 postmodum
2165 3213 2221 3276 per

481 3296 599 3361 medios
621 3294 728 3359 hostes
742 3295 905 3377 Rupellam
926 3294 1146 3378 proficiscitur,
1166 3302 1202 3361 ut
1221 3315 1345 3362 suorum
1366 3297 1535 3378 parentele,
1555 3297 1608 3379 qui
1628 3296 1733 3360 isthuc
1748 3295 1834 3361 velut
1853 3295 1884 3359 in
1902 3295 2004 3359 locum
2026 3295 2221 3360 tutissimum

482 3396 702 3476 confugerant,
732 3395 770 3468 de
797 3394 930 3459 filiomm
956 3395 1136 3460 valetudine
1164 3414 1201 3461 ac
1230 3396 1405 3461 conditione
1433 3397 1577 3462 edoceret
1606 3413 1721 3461 coram.
1772 3396 1874 3477 Atque
1903 3395 1974 3459 hinc
2002 3413 2096 3477 porro
2123 3412 2221 3477 quum

481 3496 628 3561 rediisset
649 3501 682 3559 et
703 3513 720 3559 e
743 3494 901 3576 discipulis
922 3495 1072 3576 maiorem
1092 3501 1169 3560 natu
1190 3497 1220 3560 in
1236 3495 1330 3577 Regis
1347 3496 1474 3561 Henrici
1488 3497 1536 3561 III
1556 3501 1624 3560 tum
1641 3496 1789 3577 temporis
1810 3496 1843 3560 in
1858 3494 2020 3560 Poloniam
2035 3494 2077 3560 ad
2092 3513 2222 3577 regnum

481 3595 705 3677 capessendum
737 3594 882 3660 abeuntis
915 3596 1064 3660 comitatu
1100 3596 1295 3676 reliquisset,
1333 3596 1472 3677 reliquos
1501 3594 1743 3677 Heidelbergam
1775 3601 1808 3660 et
1837 3594 1910 3660 inde
1938 3595 2063 3660 Donelli
2091 3595 2219 3661 consilio

481 3694 637 3760 Basileam
657 3693 796 3758 abduxit.
838 3693 901 3760 Sed
923 3695 1004 3758 enim
1024 3713 1121 3776 quum
1139 3694 1336 3761 Amerbachii
1358 3700 1392 3760 et
1410 3695 1545 3760 Sultzeri
1567 3713 1661 3760 suasu
1688 3700 1818 3777 propter
1844 3699 1947 3759 certas
1975 3712 2087 3760 causas
2116 3695 2218 3761 locum

480 3795 583 3876 ipsum
609 3792 794 3857 mutandum
824 3792 968 3871 duceret,
1009 3793 1159 3875 Tigurum
1186 3796 1339 3859 concessit
1368 3782 1508 3875 inibique
1535 3795 1662 3876 hospitii
1687 3796 1761 3878 jure
1789 3812 1860 3859 cum
1888 3792 2020 3859 Simlero
2046 3799 2220 3875 contracto,

481 3893 663 3973 Bullingero
681 3892 831 3974 inprimis,
844 3892 1031 3973 Lavatbero,
1050 3893 1377 3960 GualteroetStuckio
1389 3911 1464 3959 usus
1479 3899 1528 3960 est
1541 3894 1746 3959 familiariter.
1775 3892 1983 3976 Caeteroquin
1997 3911 2065 3959 cum
2080 3912 2138 3960 nec
2155 3895 2219 3960 illic

482 3994 581 4059 veluti
602 3993 644 4056 ad
667 3992 810 4074 scopulos
837 3992 1126 4058 adhaerescendum
1153 3999 1283 4075 putaret
1310 3995 1372 4060 sibi
1401 4000 1434 4059 et
1463 3996 1546 4076 suis,
1578 3995 1781 4077 perlustratis
1809 3994 2011 4060 nobilioribus
2032 3994 2220 4061 Germaniae

481 4092 556 4157 locis
577 4092 610 4155 in
630 4091 771 4172 Belgium
793 4098 825 4157 et
853 4093 964 4158 exinde
992 4094 1024 4157 in
1044 4094 1191 4173 Angliam
1218 4094 1395 4176 contendit,
1422 4094 1624 4176 confectoque
1651 4094 1710 4161 hoc
1733 4114 1772 4159 ex
1798 4095 1894 4159 animi
1923 4096 2079 4161 sententia
2107 4096 2219 4161 itinere

481 4192 614 4257 navibus
642 4192 738 4271 regiis
761 4192 793 4256 in
815 4191 949 4258 Galliam
968 4198 1109 4258 revectus
1132 4193 1170 4258 ab
1192 4193 1424 4259 adolescentum
1446 4195 1583 4276 ipsorum
1605 4193 1790 4276 parentibus
1811 4200 1976 4276 exoratur,
2011 4200 2048 4260 ut
2066 4213 2128 4276 qua
2149 4195 2219 4261 illos

481 4292 543 4357 fide
571 4296 603 4355 et
635 4308 711 4354 cura
742 4309 799 4371 per
826 4290 1041 4375 Germaniam,
1078 4291 1220 4373 Belgium
1251 4297 1284 4357 et
1316 4293 1460 4374 Angliam
1496 4294 1697 4375 adduxisset,
1740 4295 1851 4361 eadem
1885 4295 1981 4359 etiam
2011 4314 2069 4376 per
2095 4296 2220 4361 Italiam

482 4391 692 4457 comitaretur.
736 4392 887 4469 Quocirca
910 4408 1005 4473 quum
1033 4409 1070 4456 ex
1098 4392 1212 4457 itinere
1237 4392 1394 4459 Genevam
1423 4399 1455 4458 et
1475 4412 1555 4475 quae
1581 4395 1655 4459 inde
1682 4412 1745 4459 non
1772 4394 1880 4476 procul
1904 4394 2019 4476 distat,
2052 4394 2219 4461 Crusiliam

482 4490 676 4571 deflexisset,
704 4495 912 4572 parentesque
939 4510 1012 4556 suos
1041 4492 1114 4558 istic
1140 4493 1325 4573 salutasset,
1354 4494 1509 4575 superatis
1531 4493 1663 4574 Alpibus
1686 4493 1818 4559 Galliam
1842 4493 2032 4576 Cisalpinam
2053 4501 2219 4579 utramque

481 4590 670 4672 peragravit.
712 4590 790 4655 Post
803 4591 1002 4672 Apenninum
1017 4592 1238 4657 transcendens
1252 4593 1444 4658 Florentiam
1458 4600 1491 4658 et
1505 4594 1605 4659 Senas
1621 4593 1710 4673 adiit,
1731 4593 1784 4658 ubi
1807 4593 1987 4675 aliquandiu
2008 4602 2218 4660 commoratus

481 4691 609 4755 Romam
629 4690 768 4772 perrexit
789 4695 823 4755 et
843 4691 1016 4773 Neapolim.
1059 4691 1123 4758 Sed
1143 4692 1276 4758 insidias
1296 4697 1332 4758 ut
1352 4698 1492 4774 caveret,
1515 4693 1651 4757 monitus
1671 4693 1761 4759 Pisas
1782 4711 1853 4758 cum
1875 4694 1940 4758 suis
1961 4694 2102 4776 navigat,
2123 4700 2218 4776 atque

481 4789 554 4854 inde
574 4808 630 4870 per
649 4790 809 4869 Liguriam
832 4797 865 4855 et
886 4790 1007 4857 Galliae
1033 4790 1246 4857 Narbonensis
1273 4793 1407 4874 myricas
1436 4797 1469 4857 et
1498 4792 1591 4857 urbes
1620 4792 1732 4857 itinere
1760 4793 1875 4875 ubique
1900 4792 2074 4858 latronibus
2101 4794 2219 4875 passim

481 4894 577 4970 atque
596 4889 745 4954 militibus
767 4891 834 4954 vias
856 4890 1062 4957 insidentibus
1082 4890 1210 4972 infesto,
1230 4910 1293 4956 non
1316 4892 1383 4958 sine
1403 4909 1516 4974 magno
1537 4899 1680 4975 sumptu,
1701 4895 1737 4957 at
1756 4891 1863 4957 labore
1885 4896 1918 4957 et
1940 4892 2077 4973 periculo
2099 4894 2218 4978 majore

481 4988 619 5053 Mentem
634 4988 791 5053 Albanum
813 4989 938 5054 devenit
958 4990 1093 5055 tandem.
1135 4991 1195 5056 Hic
1214 4991 1319 5072 itaque
1338 4992 1477 5058 collectis
1491 5010 1603 5057 rursus
1617 4991 1736 5057 viribus
1757 4997 1790 5056 et
1811 4991 2030 5073 diplomatibus
2051 5010 2071 5055 a
2087 4993 2218 5060 militiae

480 5088 550 5153 istis
571 5087 603 5151 in
624 5087 701 5153 locis
721 5086 858 5153 Ducibus
880 5106 994 5169 magno
1018 5091 1109 5154 emtis
1130 5090 1300 5157 instructus
1321 5090 1503 5173 Rupellam,
1525 5109 1586 5173 quo
1606 5091 1897 5157 recrudescentibus
1917 5093 2036 5173 passim
2058 5093 2091 5157 in
2113 5093 2217 5160 Gallia

481 5191 552 5269 post
573 5186 698 5251 Henrici
726 5205 743 5251 e
768 5187 898 5253 Polonia
926 5188 1061 5254 reditum
1088 5190 1206 5255 bellicis
1239 5190 1377 5256 motibus
1411 5195 1558 5273 parentes
1592 5192 1814 5273 confugerant,
1856 5191 1956 5256 denuo
1982 5209 2053 5256 suos
2082 5192 2217 5272 reduxit,

481 5292 577 5368 atque
604 5305 661 5367 pro
688 5293 804 5351 narata
835 5306 930 5369 opera
959 5288 1108 5355 laudatus
1140 5290 1241 5371 magis
1272 5308 1366 5372 quam
1396 5290 1516 5356 ditatus
1546 5309 1657 5356 nomen
1686 5291 1773 5355 dedit
1800 5291 1945 5373 militiae,
1976 5309 2035 5373 pro
2061 5294 2215 5358 communi

480 5386 738 5467 Evangelieorum
759 5404 871 5452 caussa
890 5393 1071 5469 susceptae,
1095 5394 1127 5454 et
1149 5395 1236 5455 terra
1256 5391 1398 5472 marique
1419 5407 1531 5472 passus
1553 5391 1678 5456 omnino
1700 5391 1800 5455 multa
1822 5391 1973 5455 Naranei
1997 5393 2091 5456 etiarn
2113 5394 2214 5458 aulam

472 5485 661 5566 ,aliquandiu
682 5487 832 5566 sequitur.
876 5486 939 5552 Sed
967 5494 1077 5569 postea
1102 5488 1206 5554 studio
1234 5495 1266 5554 et
1295 5490 1423 5554 consilio
1449 5491 1554 5571 magni
1583 5490 1667 5556 illius
1689 5492 1789 5556 Noaei
1812 5490 2012 5557 Monferantii
2035 5497 2068 5558 et
2088 5493 2215 5559 Jarnaci
2291 5523 2294 5530 ·
