5409 7267
966 1140 1077 1210 Lopcnt
1093 1145 1119 1195 et
1134 1145 1252 1206 sinedrae,
1269 1141 1295 1194 si
1310 1154 1364 1210 qua
1381 1147 1421 1196 cst
1433 1156 1466 1195 co
1474 1140 1565 1208 fante,
1585 1141 1743 1207 Carnorum,

1002 1226 1116 1295 Quaque
1133 1227 1223 1280 or‘rum
1238 1233 1359 1296 possunt
1375 1226 1458 1282 wude
1475 1228 1555 1282 heare
1574 1229 1661 1283 dcent.

966 1311 1042 1366 Nom
1054 1312 1175 1380 fauor¹l
1193 1318 1219 1366 et
1237 1314 1326 1368 uirtus
1343 1319 1370 1367 et
1386 1312 1487 1367 Vatum
1499 1314 1594 1383 linquo
1599 1319 1744 1384 potensteine

1000 1399 1100 1468 Eripit
1116 1413 1135 1451 a
1151 1399 1262 1453 irroratis
1279 1400 1393 1453 nomina
1409 1399 1488 1453 clara
1504 1400 1588 1469 rogis.

966 1483 1045 1540 Haec
1056 1484 1166 1553 samum
1185 1483 1260 1540 Oceli
1272 1484 1446 1554 fulgentahus
1462 1485 1561 1540 inserit
1575 1487 1670 1553 orme,

999 1570 1123 1641 Qum
1141 1569 1223 1625 lorado
1240 1571 1330 1625 cirum
1349 1571 1437 1626 Musa
1448 1571 1543 1640 perire
1559 1576 1642 1628 vetat.

966 1655 1048 1711 Soloe
1061 1656 1150 1723 Juste,
1166 1672 1267 1712 norum
1285 1661 1423 1724 tamquam
1441 1655 1523 1711 decre
1540 1656 1635 1715 addite
1655 1658 1744 1726 coclo;

999 1743 1184 1812 Justitc'oeque
1202 1749 1266 1798 tuoe
1279 1743 1409 1814 praemia
1421 1742 1517 1811 jomus
1533 1743 1610 1801 hodo.

480 1830 518 1897 In
540 1827 684 1896 manibus
705 1844 827 1912 quoque
849 1833 925 1893 sunt
947 1828 1006 1893 viri
1028 1827 1118 1911 hujus
1139 1828 1310 1897 doctissimi
1328 1830 1515 1896 Poenotum
1536 1829 1615 1895 libri
1639 1829 1675 1895 V.
1714 1829 1827 1897 Latine
1847 1835 1879 1896 et
1902 1828 2022 1897 Graece
2043 1831 2227 1917 conscripti3

482 1930 676 2015 inquorum
697 1930 807 2010 priene
829 1928 935 1995 Sacro
969 1929 1171 1994 continentur
1205 1936 1237 1997 ct
1262 1930 1459 1996 pronosticare
1489 1932 1525 1995 io
1559 1928 1683 1997 Veteris
1711 1935 1742 1996 et
1767 1930 1852 1995 Nooi
1880 1928 2072 1996 Testamenti
2101 1932 2228 2015 capito:

481 2029 620 2097 secundo
640 2030 830 2096 sentcntiae:
854 2031 948 2096 tertio
969 2029 1084 2096 vario:
1108 2036 1224 2116 quarto
1244 2029 1467 2115 Epitolomio:
1492 2035 1523 2097 ct
1543 2031 1654 2116 quinto
1674 2028 1834 2115 Epiocdio
1854 2036 1885 2099 ct
1904 2030 2100 2114 Epitaphius

1156 2305 1336 2373 Nicolaus
1366 2306 1560 2389 Rodiugus

1189 2435 1342 2493 Treisensis
1361 2437 1513 2509 Hessus2).

606 2587 645 2654 In
665 2586 772 2670 patria
792 2586 926 2668 primum
946 2586 1109 2654 literarum
1131 2588 1222 2654 initia
1243 2594 1277 2653 et
1296 2588 1511 2671 postmodnm,
1538 2607 1610 2655 cum
1632 2588 1785 2655 uberioris
1812 2588 1931 2670 ingenii
1952 2605 2025 2669 spes
2050 2585 2225 2668 athrlgcret,

483 2685 645 2769 Marpnrgi
665 2687 728 2752 vim
747 2687 848 2768 ipsam
867 2705 973 2754 rerum
995 2688 1262 2769 cognitionemque
1283 2689 1439 2755 indefesso
1466 2707 1597 2771 prorsus
1617 2689 1723 2755 studio
1745 2687 1994 2770 comprehendit,
2022 2688 2071 2752 ita
2090 2685 2226 2768 quidem,

482 2790 519 2851 ut
537 2786 663 2868 gemino
684 2785 777 2851 isthic
794 2785 1016 2867 Philosophiae
1037 2787 1143 2852 laurea
1164 2794 1304 2870 ornatus,
1328 2789 1441 2870 dignus
1463 2788 1590 2854 habitus
1611 2788 1706 2854 fuerit
1725 2787 1775 2853 vel
1793 2787 1945 2868 inprimis,
1966 2787 2022 2869 qni
2043 2804 2064 2852 a
2083 2785 2227 2866 Philippo

482 2885 627 2967 Principe
647 2885 719 2951 filiis
736 2885 927 2968 junioribus,
953 2904 1016 2951 uon
1039 2904 1127 2953 secus
1149 2892 1244 2969 etque
1266 2889 1350 2971 apud
1367 2888 1538 2954 Homerum
1560 2906 1580 2952 a
1600 2887 1695 2953 Peleo
1715 2887 1854 2952 Phoenix
1874 2886 1989 2952 Achilli
2008 2886 2072 2951 filio
2094 2884 2227 2950 daretur

483 3002 596 3068 eomoe,
616 2990 653 3051 ut
673 2984 744 3051 illus
765 2989 908 3050 oratores
928 2985 1094 3051 verborum
1117 2992 1150 3052 et
1170 2992 1295 3054 actores
1316 3006 1421 3053 rerum
1440 2988 1589 3054 efficeret.
1628 2986 1751 3053 Deinde
1778 3004 1860 3051 suno
1882 2985 2050 3052 MDXLIX
2065 2983 2108 3049 ad
2128 2983 2227 3049 vitam

482 3083 702 3151 Academicum
724 3102 759 3149 se
780 3084 950 3167 transtulit,
969 3085 1172 3151 Dialecticam
1193 3091 1338 3169 primum,
1358 3092 1433 3169 post
1454 3086 1609 3152 formandi
1629 3087 1674 3152 fili
1695 3087 1794 3168 ipsius
1815 3086 1967 3152 emtionis
1987 3083 2142 3150 rationem
2163 3099 2227 3147 non

483 3184 552 3249 sine
569 3183 664 3249 laude
685 3184 813 3249 tradens
833 3202 966 3266 poeseos
986 3189 1093 3251 minen
1111 3191 1146 3251 et
1166 3186 1333 3253 sacrarum
1356 3186 1517 3253 literarum
1546 3185 1657 3253 studiis
1678 3203 1742 3251 non
1763 3186 1926 3268 neglectis.
1968 3184 2107 3263 Quorum
2128 3180 2227 3248 ductu

482 3283 593 3349 relicta
621 3282 812 3365 professione
840 3301 923 3349 anno
957 3285 1059 3351 DLIV
1095 3285 1155 3351 snb
1192 3285 1401 3353 Autumnales
1435 3285 1589 3351 nundinas
1625 3285 1902 3352 Francofurtenses
1939 3284 1981 3349 ed
2020 3282 2228 3348 ministerium

482 3382 737 3449 Ecclesiasticuuu
758 3383 836 3448 abiit
851 3382 1041 3464 Milsnngsm
1060 3384 1093 3448 in
1108 3384 1246 3449 statione
1262 3386 1450 3450 Academica
1465 3383 1649 3449 succedente
1663 3385 1830 3450 Matthaeo
1841 3384 1885 3467 ⁸).
1927 3383 1990 3449 Sed
2004 3401 2074 3448 cnm
2088 3379 2229 3447 noudum

481 3483 631 3547 vertisset
651 3499 752 3546 annus
780 3498 800 3544 a
820 3479 963 3561 Principe
988 3488 1157 3547 revocatus
1178 3499 1264 3548 auno
1286 3482 1372 3547 DLV
1391 3481 1602 3547 Ecclesiamm
1632 3482 1818 3563 inspectioni
1842 3487 1876 3547 et
1896 3481 2093 3562 Theologicis
2114 3479 2227 3546 studiis

481 3579 653 3646 formandis
672 3596 756 3644 anno
777 3579 972 3643 MDLXXVI
993 3579 1173 3660 praefectus
1200 3586 1258 3645 est.
1300 3580 1438 3660 Ideoque
1460 3580 1557 3645 etium
1576 3579 1798 3661 professionem
1820 3580 1920 3662 ipsam
1940 3579 2061 3645 solenni
2085 3578 2228 3643 oratioue

481 3679 680 3760 auspicatus,
708 3677 881 3760 eodemque
901 3678 1028 3743 Hunnio
1056 3678 1225 3744 honoribus
1254 3680 1288 3743 in
1309 3678 1482 3759 Theologia
1503 3678 1632 3743 summis
1653 3683 1764 3744 auctus
1784 3684 1850 3760 est,
1871 3696 1949 3760 quos
1970 3678 2116 3758 deinceps
2135 3674 2228 3758 quasi

480 3796 539 3862 per
559 3795 668 3843 manus
689 3777 823 3843 traditos
843 3778 890 3842 IX
903 3777 990 3843 Junii
1009 3796 1091 3843 anuo
1113 3777 1293 3842 DLXXIIX
1314 3776 1409 3843 Senio
1432 3782 1584 3858 tauquam
1605 3777 1760 3843 brabeuta
1779 3777 1931 3858 elargitus
1954 3780 2004 3842 est
2024 3775 2114 3856 idem,
2133 3774 2228 3840 hunc-

483 3895 544 3959 qne
565 3875 733 3959 homine'⁴)
753 3877 824 3942 iniit
842 3877 978 3959 gratiam
999 3877 1144 3958 vicissim,
1165 3880 1211 3956 nt,
1231 3894 1328 3957 quum
1349 3876 1475 3942 biennio
1498 3880 1573 3958 post
1588 3876 1790 3959 occubuisset,
1811 3878 1839 3943 is
1861 3874 2074 3958 praeceptoris
2096 3892 2133 3940 ac
2153 3891 2228 3956 pro·

483 3977 615 4042 motoris
642 3977 691 4043 sui
717 3976 862 4042 manibus
889 3980 1058 4059 parentare
1084 3975 1227 4041 voluerit.
1276 3974 1480 4042 Dialecticam
1507 3981 1541 4041 et
1565 3975 1766 4041 Rhetoricam
1791 3981 1929 4058 quatuor
1949 3979 1983 4041 et
2001 3992 2109 4042 sacras
2131 3974 2228 4040 etiam

483 4075 650 4158 postmodo
670 4076 780 4141 literas
800 4080 934 4157 quatuor
955 4076 1047 4141 annis
1068 4075 1173 4140 docuit
1193 4075 1376 4156 intereaque
1403 4075 1554 4156 temporis
1581 4079 1615 4141 ct
1633 4076 1822 4141 Rectoratus
1844 4080 1878 4142 et
1896 4076 2080 4142 Decanatus
2099 4091 2227 4140 munere

483 4174 667 4257 perfunctus
690 4179 757 4241 est,
792 4173 858 4241 Sub
879 4175 945 4259 ejus
968 4173 1071 4255 effigie
1089 4174 1122 4238 hi
1143 4174 1290 4239 visuntur
1309 4173 1431 4255 Pagaui
1451 4191 1579 4239 versus:

968 4280 1096 4336 Cernitur
1112 4281 1157 4335 hic
1169 4281 1261 4349 facies
1278 4281 1393 4336 Nicolui
1409 4282 1475 4337 vioe
1493 4279 1618 4352 Rodinpr'

1000 4367 1123 4422 Este-roi
1138 4368 1259 4435 reserens
1276 4369 1402 4436 corporis
1420 4368 1546 4438 effigiem.

966 4452 1020 4510 Ast
1037 4452 1124 4507 animi
1138 4454 1216 4535 picto
1236 4453 1351 4508 latitans
1367 4454 1416 4509 atah
1434 4469 1550 4523 corpore
1567 4452 1657 4508 cetus

1000 4538 1141 4608 Artificem
1158 4545 1272 4610 superet
1288 4539 1431 4594 nobilitate
1451 4556 1569 4594 mannos

967 4624 1047 4683 Haec
1060 4630 1141 4699 patet
1158 4626 1277 4691 audem,
1300 4625 1346 4682 cui
1360 4626 1607 4695 praestatuenda,
1625 4623 1743 4690 Christo,

1001 4711 1086 4766 Hanc
1102 4712 1184 4764 etiam
1204 4710 1307 4765 &eristi
1323 4727 1428 4781 sponso
1442 4710 1548 4781 podica
1564 4710 1674 4780 prohat.

966 4796 1042 4854 Dum
1058 4798 1112 4867 pio
1129 4797 1265 4852 Nectoreo
1282 4797 1455 4868 perfundens
1472 4801 1552 4867 septa
1570 4796 1679 4865 liquore

1000 4882 1106 4938 Pastor
1124 4883 1158 4938 ab
1176 4882 1286 4953 inimus
1305 4889 1381 4942 arcet
1398 4884 1468 4941 ovile
1488 4881 1573 4955 lupis.

530 5191 537 5206 ⁹
588 5108 613 5173 1)
631 5105 663 5160 ln
681 5104 740 5161 cod.
760 5106 836 5162 Nom
854 5106 988 5180 cusmdis,
1007 5121 1087 5176 menn
1104 5106 1199 5163 dicunt
1215 5108 1391 5179 typographi,
1409 5108 1438 5163 in
1456 5112 1578 5165 extrema
1596 5108 1696 5178 pagina
1711 5107 1800 5177 positi·
1812 5106 1902 5163 locum
1920 5112 2002 5179 tenet,
2021 5108 2127 5179 inipso
2145 5122 2230 5171 vernn·

483 5207 616 5376 ommis}
631 5198 815 5333 e&palliamus
837 5278 885 5335 rit.
908 5278 992 5335 theol.
1008 5280 1147 5351 German,
1172 5281 1222 5351 qni·
1242 5280 1418 5337 exoratione
1441 5278 1474 5338 in
1497 5278 1603 5338 ohitnm-
1625 5280 1740 5353 Rodingi
1760 5281 1910 5351 aGeorgio
1931 5278 2033 5337 Sohnio
2056 5279 2151 5337 hahita
2175 5295 2226 5338 sna

483 5362 622 5519 dmg
636 5448 729 5518 Imago
747 5449 873 5519 sounngn

483 5619 546 5676 dum
565 5536 616 5677 “43
636 5534 681 5592 Sic
699 5536 768 5607 Dii,
791 5536 864 5608 quod
882 5536 982 5596 Tilem,
996 5537 1067 5596 male
1085 5539 1240 5598 mutaritin
1261 5537 1394 5608 hominis
1415 5554 1483 5596 nnnc
1495 5538 1525 5595 si
1542 5538 1718 5609 corrigendus
1734 5545 1778 5598 est
1796 5542 1925 5613 scriptor,
1944 5542 2037 5612 potius
2053 5541 2087 5597 oh
2106 5540 2226 5596 inseren-
