5409 7267
344 933 348 940 ’
484 972 581 1102 92,

483 1177 640 1243 sustinuit.
690 1177 795 1259 Atque
823 1177 962 1243 veterani
993 1175 1094 1241 instar
1118 1174 1225 1240 militis
1261 1173 1299 1239 de
1330 1173 1439 1240 ordine
1471 1174 1505 1239 in
1541 1174 1681 1241 ordinem
1716 1177 1872 1243 transiens
1908 1177 1990 1242 inter
2019 1176 2213 1244 Medicorum

481 1276 710 1341 ordinariorum
737 1275 882 1341 subsellia
910 1274 1052 1341 substitit
1085 1273 1206 1340 demum
1238 1279 1272 1339 et
1304 1272 1411 1339 utilem
1448 1291 1577 1356 prorsus
1604 1274 1790 1342 Academiae
1812 1276 1905 1343 XXII
1925 1294 2025 1343 annos
2052 1295 2115 1342 non
2145 1274 2215 1343 si'ne

478 1375 655 1458 iuventutis
683 1372 841 1440 studiosae
867 1372 974 1441 fructu
1004 1378 1038 1439 et
1067 1372 1227 1439 commodo
1256 1372 1372 1438 locavit
1403 1390 1529 1454 operam
1553 1373 1671 1441 Decani
1698 1375 1827 1458 insuper
1855 1377 1950 1442 tertia
1979 1382 2012 1441 et
2040 1376 2156 1442 summi
2183 1376 2224 1441 in¹

483 1473 651 1540 Academia
670 1472 878 1556 Magistratus
905 1459 1059 1557 dignita'te
1088 1470 1222 1539 secunda
1249 1472 1316 1537 vice
1341 1473 1504 1556 auctus1).
1553 1472 1586 1539 Si
1614 1474 1732 1557 scripta
1758 1480 1895 1558 spectes,
1921 1474 2032 1542 Iooocs
2061 1477 2216 1557 stirpium

483 1580 577 1656 utque
596 1573 789 1655 plantarum
815 1578 881 1640 mm
907 1572 1153 1657 inquilinorum,
1180 1593 1276 1655 quom
1302 1572 1499 1638 exoticomm
1525 1574 1682 1641 secrcodoe
1708 1582 1739 1642 et
1765 1577 1877 1643 tertiae
1898 1578 2010 1658 portis
2034 1574 2080 1641 D.
2098 1574 2216 1643 Jacobi

483 1672 641 1740 lieston·
654 1671 961 1740 Tobenooemootcoi
977 1672 1044 1739 suia
1062 1671 1289 1739 commentariis
1308 1670 1480 1737 illustravit
1500 1677 1534 1738 et
1554 1671 1762 1756 locupletavit.
1804 1675 1841 1741 In
1861 1673 1953 1758 hujus
1969 1674 2028 1740 viri
2047 1676 2216 1757 imaginem

529 1770 626 1838 linus:

481 1771 530 1855 Eg
961 1870 1068 1925 Ductor
1085 1866 1234 1925 comedim
1251 1866 1389 1922 Nicolooa
1405 1866 1503 1923 Bruto
1517 1869 1664 1939 profertor

996 1957 1077 2021 Arte,
1096 1953 1302 2026 Hippocratioo
1320 1969 1377 2007 ooo
1395 1955 1453 2009 cine
1470 1954 1527 2024 lege
1538 1955 1627 2024 facit:

961 2039 1124 2111 Discipulos
1138 2038 1293 2095 modom
1310 2038 1457 2109 docuitque
1467 2040 1590 2110 fideliter
1605 2056 1693 2108 κω,

999 2127 1083 2198 mem
1096 2141 1227 2197 procem
1243 2127 1334 2180 moon
1351 2127 1417 2181 cieo
1433 2128 1533 2183 tubeae
1549 2128 1643 2197 refert

480 2215 529 2279 De
551 2216 631 2279 bona
649 2212 820 2279 sobrietate
837 2215 1168 2293 anugrammatismum
1188 2213 1221 2277 in
1246 2229 1359 2278 nomen
1379 2213 1498 2279 Nicolai
1518 2213 1672 2281 Brunonis
1697 2213 1738 2280 Η.
1758 2213 1950 2281 Fabronius:
1978 2213 2119 2282 BONUS
2142 2213 2216 2281 vla

481 2312 635 2379 LACON:
657 2330 695 2378 ex
716 2328 777 2393 quo
798 2310 955 2393 colligitur
974 2311 1181 2379 NIOOLAUS
1200 2311 1352 2378 BRUNO.

962 2413 1060 2469 nam
1076 2413 1154 2467 sotto
1170 2413 1265 2482 coquis
1282 2412 1350 2467 dore
1366 2411 1538 2468 modim
1553 2412 1665 2479 solebat,

995 2499 1112 2554 Praetor
1128 2504 1236 2554 ocotoeo
1253 2513 1366 2567 eumque
1381 2498 1487 2568 liquore
1504 2498 1596 2553 colen

964 2583 1052 2657 Quod,
1061 2584 1212 2651 mannase,
1220 2583 1291 2639 bono
1301 2583 1405 2639 medico
1414 2590 1495 2653 atque
1505 2585 1594 2640 circio
1604 2583 1732 2655 Μ’)

997 2669 1139 2740 Convenit,
1157 2685 1191 2725 co
1206 2685 1303 2725 nomm
1319 2671 1440 2726 conticet
1456 2685 1533 2725 omne
1551 2676 1636 2727 turon.

963 2756 1029 2813 Non
1042 2772 1115 2827 ougo
1130 2755 1262 2822 tusone,
1279 2771 1349 2827 quoe
1361 2771 1481 2827 corporo
1490 2756 1615 2826 pterim
1626 2756 1732 2823 sumt,

996 2841 1650 2913 Sedoomeobrietoaqaocbencoorposolit.

1113 3073 1301 3139 Henrious
1327 3073 1575 3156 Ellenberger

579 3225 933 3307 CattoHomburgensis
963 3229 1056 3305 patre
1092 3227 1125 3288 et
1151 3224 1220 3305 ipso
1244 3222 1366 3289 Medico
1397 3228 1490 3288 natus
1521 3222 1664 3291 Eclrardo
1677 3226 1707 3307 ⁸)
1737 3224 1976 3306 Ellenbergero‚
2010 3226 2207 3296 humaniores

482 3329 604 3409 literas,
631 3342 765 3408 quarum
792 3323 994 3389 fundamenta
1020 3323 1053 3388 in
1078 3322 1190 3405 patriis
1218 3321 1332 3389 scholis
1356 3327 1505 3404 posuerat
1532 3324 1673 3405 egregie,
1704 3323 1866 3406 Marpurgi
1894 3329 1927 3389 et
1954 3325 2026 3391 dein
2055 3327 2089 3392 in
2117 3329 2209 3395 Italia

480 3426 602 3494 Patavii
622 3425 737 3505 insigni
757 3424 892 3490 Hessius
913 3422 1066 3503 Principis
1086 3421 1226 3488 Mauritii
1246 3421 1457 3489 munificentia
1477 3422 1614 3505 adiutus,
1635 3423 1718 3506 quod
1734 3442 1812 3507 puer
1832 3424 1988 3491 amisisset
2008 3434 2209 3508 praemature

480 3531 616 3611 patrem,
634 3523 756 3590 medica
776 3530 845 3589 arte
866 3521 917 3587 vel
936 3521 1076 3605 inprimis
1097 3520 1315 3605 locupletavit,
1343 3523 1390 3588 ita
1410 3527 1445 3587 ut
1472 3541 1535 3589 non
1556 3523 1656 3589 solum
1677 3529 1842 3605 paternam
1861 3524 2042 3591 memoriam
2063 3545 2210 3595 revooere

480 3632 514 3692 et
534 3642 651 3706 augere
672 3628 801 3705 posset,
826 3640 934 3689 verum
962 3622 1058 3688 etiam
1084 3621 1265 3703 peritissimi
1285 3622 1436 3704 quusque
1452 3622 1568 3704 judicio
1587 3630 1720 3706 propter
1741 3623 1993 3690 exercitationem
2013 3626 2210 3710 studiumque

481 3726 662 3792 acerrimum
681 3724 764 3788 inter
784 3739 860 3787 suae
880 3721 997 3787 aetatis
1016 3719 1157 3788 homines
1183 3720 1274 3787 facile
1298 3727 1420 3786 teneret
1448 3722 1576 3803 primas
1626 3722 1760 3803 Ideoque
1782 3740 1845 3787 non
1865 3721 1966 3789 solum
1984 3722 2109 3790 Patavii
2131 3727 2210 3793 Con·

482 3824 592 3891 siliarii
611 3822 748 3887 nationis
770 3820 973 3886 Germanicae
993 3820 1185 3886 Medicorum
1205 3820 1357 3886 sustinuit
1376 3838 1504 3901 munus,
1538 3821 1623 3901 quod
1644 3822 1748 3902 ipsum
1774 3839 1832 3902 per
1859 3839 1895 3887 se
1925 3823 2084 3905 egregium
2106 3831 2156 3890 est
2178 3833 2209 3892 et

482 3922 730 3990 doctissimorum
751 3918 909 3984 hominum
929 3918 1140 3984 familiaritate
1159 3919 1301 4000 implicat
1328 3937 1367 3984 ac
1394 3920 1545 4002 amicitia,
1579 3920 1632 4001 qui
1657 3937 1694 3985 eo
1715 3918 1903 4002 funguntur,
1931 3923 2149 3989 verumetiam
2169 3942 2207 3991 ex

480 4023 573 4089 ltalia
602 4021 702 4087 redux
731 4018 888 4102 Principis
926 4018 1022 4101 ipsius
1057 4019 1148 4101 J'ussu
1182 4035 1220 4083 oc
1257 4018 1431 4107 voluntate,
1451 4019 1540 4085 lauro
1568 4018 1732 4100 Apollinea
1762 4019 1905 4085 manibus
1935 4019 2064 4088 loannis
2090 4023 2209 4090 Wolifii

481 4122 588 4189 XXIX
607 4120 725 4203 Aprilis
745 4137 828 4185 anno
847 4117 952 4185 MDCI
973 4121 1140 4184 coronatur
1160 4122 1193 4183 et
1212 4118 1245 4182 in
1265 4116 1455 4183 Medicorum
1480 4136 1641 4184 numerum
1667 4119 1859 4186 asscribitur.
1909 4119 1973 4186 Sed
2000 4139 2069 4190 cum
2099 4130 2210 4206 postea

481 4223 586 4304 elapso
608 4219 753 4286 sexennio
774 4217 959 4284 conditionis
978 4222 1141 4299 pertaesus
1162 4216 1371 4283 dimissionem
1392 4216 1580 4300 efflagitaret
1599 4219 1824 4303 aPrincipe⁴)‚
1844 4219 2010 4286 abeodem
2025 4221 2209 4305 aliquandiu

482 4319 613 4387 docendi
632 4336 759 4384 munere
786 4317 944 4383 abstinere
967 4316 1105 4399 jubetur.
1155 4317 1308 4383 Dimissus
1336 4322 1441 4383 tamen
1466 4326 1626 4400 postremo
1647 4318 1868 4400 Fridebergam
1890 4320 2157 4389 Wetteraviorum
2177 4342 2211 4391 se

482 4419 617 4488 contulit
644 4422 678 4484 et
703 4417 776 4482 inde
802 4434 822 4481 a
849 4416 1118 4482 Reverendissimo
1145 4416 1462 4499 Magdeburgensium
1492 4418 1636 4501 praesule
1670 4418 1713 4485 ad
1740 4417 1898 4485 Molioni
1923 4437 2035 4487 munus
2064 4428 2210 4490 evocatus
2282 4475 2288 4490 ,

481 4518 595 4585 Halum
616 4516 693 4583 abiit
714 4514 885 4596 Saxonum,
906 4515 958 4581 ubi
978 4515 1105 4581 tandem
1124 4517 1209 4583 vitae
1232 4522 1403 4583 extremum
1425 4516 1523 4584 edidit
1543 4516 1703 4600 spiritum,
1733 4517 1823 4584 bomo
1845 4517 1990 4586 docmina
2008 4522 2210 4603 pereruditus

481 4618 596 4700 multa,
617 4616 734 4696 dequo
755 4614 888 4697 Eglinus

582 4816 611 4887 1)
629 4815 688 4871 Hac
703 4815 732 4871 in
747 4831 778 4871 re
795 4822 868 4872 errat
882 4815 952 4887 Dil.;
974 4833 1037 4873 nam
1057 4817 1119 4886 ipse
1142 4815 1171 4871 in
1195 4815 1341 4873 Rectorem
1365 4817 1495 4889 catalogo
1522 4818 1606 4875 semel
1636 4823 1741 4874 tantm
1761 4818 1904 4875 moenum
1925 4818 2017 4876 Braun
2040 4821 2152 4879 exbibet
2174 4822 2210 4879 ad

483 4920 508 4959 a.
526 4904 607 4974 1610,
624 4915 711 4973 noque
728 4901 757 4956 in
773 4901 846 4959 Albo
863 4902 939 4959 acad.
955 4902 1066 4973 saeptus
1083 4902 1136 4959 boc
1152 4917 1249 4959 munus
1266 4902 1386 4960 Brunoni
1412 4904 1571 4974 assignatur.
1611 4901 1690 4972 Quod
1712 4904 1767 4961 bil.
1785 4903 1861 4959 xxn
1879 4921 1964 4963 annos
1988 4906 2017 4961 in
2043 4905 2210 4967 medicorum

483 4987 677 5046 ordiomiornm
693 5003 806 5044 numero
823 5003 886 5045 eum
900 4988 985 5045 luisse
1001 4987 1116 5059 indicat,
1134 4987 1197 5044 inde
1215 4988 1284 5045 bueo
1298 5005 1353 5046 non
1370 4996 1433 5061 post
1448 5006 1473 5046 a
1492 4992 1560 5045 1622
1576 4990 1680 5060 scripta
1697 5006 1760 5047 esse
1777 4996 1900 5060 apparet
2050 5032 2054 5044 .

581 5074 612 5143 t)
629 5073 675 5129 Sic
692 5089 743 5130 scr.
759 5074 828 5145 Dii,
847 5088 927 5144 quern
944 5075 1039 5145 rerba,
1056 5089 1128 5144 quae
1145 5074 1260 5131 reddere
1278 5075 1378 5148 voluit,
1409 5076 1502 5145 legere
1523 5090 1578 5131 non
1597 5077 1720 5146 potuisse
1741 5084 1823 5147 patet
1863 5076 1908 5132 An
1925 5077 2055 5148 uurlptun
2072 5088 2133 5137 erat
2148 5083 2209 5139 oin

483 5160 619 5227 sobriooo,
641 5159 712 5230 quod
732 5161 842 5216 verbum
859 5159 933 5229 apud
948 5160 1110 5231 cyprianum
1127 5162 1234 5217 exstat?
1263 5160 1400 5233 syllabam
1416 5163 1531 5232 primam
1548 5169 1644 5220 contra
1664 5179 1744 5219 usum
1768 5169 1921 5233 correptam
1942 5163 2007 5219 huic
2028 5173 2129 5235 poetae
2146 5184 2210 5224 con·

484 5245 650 5303 donabimus.
696 5245 729 5302 In
751 5245 804 5301 vol.
834 5246 908 5302 Gaas
930 5246 1058 5302 Fabronii
1084 5246 1168 5302 rerba
1193 5247 1263 5301 baec
1292 5256 1367 5304 sunt:
1406 5249 1497 5321 Quod,
1524 5251 1563 5304 ni
1591 5251 1704 5317 lirano,
1737 5249 1822 5317 bono,
1853 5250 1960 5306 modico
1988 5257 2071 5322 atque
2098 5254 2210 5310 wem

483 5332 573 5388 labori
592 5334 598 5401 Ι
616 5333 733 5387 Aaucw
756 5334 978 5401 wctccomodt,
1002 5348 1074 5401 occe,
1095 5334 1163 5390 viro.
1199 5333 1320 5390 Tertium
1336 5333 1471 5392 ffichon
1488 5335 1528 5391 rbi
1545 5351 1599 5391 non
1616 5342 1711 5393 cnut

582 5420 611 5484 b)
629 5416 718 5471 Locus
734 5417 866 5485 imaginis.

581 5502 613 5572 A)
630 5501 704 5569 Quas
726 5516 822 5559 umas
845 5504 963 5561 muneris
990 5503 1141 5573 deponendi
1163 5504 1224 5575 ipse
1248 5507 1383 5579 attulerit,
1418 5508 1447 5564 in
1470 5507 1602 5564 Striederi
1632 5507 1702 5565 bbro
1726 5508 1841 5579 legimur
1866 5507 1917 5581 111,
1946 5525 1973 5579 p.
1998 5509 2051 5564 829
2074 5522 2129 5579 tq,
2165 5507 2211 5578 qui

484 5591 545 5661 ipso
562 5595 673 5647 auctore
691 5603 757 5643 usus
775 5593 824 5643 eet
