5409 7267
481 935 527 1006 28

481 1139 553 1188 vero
574 1121 657 1185 inter
680 1116 737 1182 hos
759 1115 827 1196 pios
849 1121 882 1178 et
905 1117 1029 1177 sanctos
1051 1116 1181 1177 conatus
1204 1109 1252 1173 vir
1276 1110 1431 1190 spamus,
1456 1109 1654 1176 doctissimus
1676 1126 1715 1174 ac
1740 1110 1880 1191 inprimis
1902 1110 2079 1193 linguarum
2101 1117 2227 1193 praeter

482 1217 680 1287 vernaculam
710 1214 892 1293 Hebraeae,
929 1210 1103 1292 chaldeae,
1138 1208 1272 1275 Latinae
1299 1208 1552 1290 peritissimuse
1585 1209 1652 1275 nita
1687 1213 1835 1275 evocatus
1864 1210 2080 1292 Wittebergae
2112 1229 2227 1292 magno

480 1316 611 1400 Reipab.
634 1322 667 1380 et
680 1313 839 1380 Ecclesiae
859 1311 1047 1377 demmerno
1070 1309 1148 1374 obiit
1168 1326 1263 1374 senex
1283 1312 1316 1372 et
1338 1308 1580 1390 septuagenario
1600 1308 1701 1391 major
1711 1306 1877 1375 MDLXVI
1896 1328 1977 1376 anno
1993 1309 2110 1391 Aprilis
2125 1312 2227 1395 XHX,

480 1417 641 1502 praeclara
671 1412 806 1478 nominis
834 1411 884 1476 sui
913 1410 1063 1475 memoria
1095 1407 1216 1474 relicta.
1265 1405 1441 1474 Transtulit
1475 1407 1557 1473 enim
1590 1424 1698 1474 saeros
1732 1407 1854 1493 aliquot
1881 1408 2004 1474 Veteris
2033 1411 2229 1476 Testamenti

482 1516 579 1583 libros
601 1517 634 1579 et
655 1510 822 1578 succinctis
842 1508 1010 1591 explicavit
1029 1506 1275 1587 commentariis,
1303 1525 1341 1573 ex
1367 1506 1480 1588 quibus
1498 1511 1573 1572 sunt
1594 1507 1848 1575 Commentarius
1878 1511 1914 1574 in
1934 1509 2083 1576 Psalmos
2105 1511 2230 1593 cinnat

482 1624 512 1683 et
533 1612 678 1697 oapitada
700 1610 857 1677 Camacas
884 1608 924 1673 de
947 1607 1070 1674 Christi
1092 1627 1206 1688 rayno:
1227 1605 1427 1672 Psalterinm
1455 1627 1494 1671 ea
1510 1606 1657 1673 Hebraeo
1687 1628 1815 1675 versam
1841 1627 1913 1674 cam
1942 1609 2074 1676 scholiis
2094 1613 2230 1677 seorsim

483 1714 661 1797 adjacetis:
698 1708 954 1777 Commentarios
988 1706 1025 1771 in
1052 1703 1225 1772 Danielem
1253 1725 1293 1772 ea
1318 1704 1469 1772 Hebraeo
1498 1725 1570 1771 enm
1599 1709 1743 1772 motione
1776 1714 1806 1773 et
1837 1708 1961 1773 indice:
1992 1708 2034 1774 Ia
2061 1709 2229 1775 Psalmnm

484 1813 587 1881 CXII
597 1812 625 1893 ¹)
646 1809 884 1877 manationes:
916 1804 1152 1872 Commentario
1173 1805 1209 1869 in
1231 1803 1412 1888 annqelia
1434 1804 1475 1869 ab
1496 1804 1647 1871 Adoeata
1668 1826 1768 1887 maroe
1789 1807 1834 1871 ad
1856 1808 2081 1874 mensionem
2105 1809 2230 1875 Christi

483 1919 514 1981 et
533 1913 608 1978 hine
628 1910 673 1975 ad
691 1908 873 1973 Adventum
895 1904 1010 1987 onibus
1039 1903 1185 1987 adjectas
1213 1909 1261 1970 est
1287 1902 1513 1970 Cateehismas.
1562 1902 1694 1985 Scripsit
1722 1909 1756 1970 et
1784 1905 2020 1973 Commentario
2039 1908 2230 1974 Draconites

483 2015 520 2079 in
539 2011 668 2088 Joelem,
696 2006 856 2073 Obadiam
876 2010 907 2070 et
928 2001 1136 2069 CXXXVII
1156 2001 1249 2067 Psoi.
1278 2001 1374 2083 inque
1401 2002 1584 2084 diversos²)
1611 2003 1792 2087 Prophetas
1813 2007 2101 2087 interpretationes,
2134 2014 2230 2090 atque

484 2112 585 2177 Amos
605 2106 802 2188 Prophetam
831 2124 870 2170 ea
892 2102 1040 2168 Hebraeo
1069 2100 1225 2167 convertit
1251 2100 1284 2164 in
1303 2100 1466 2167 Latinam.
1516 2101 1625 2168 Edidit
1645 2103 1742 2170 etiam
1769 2103 1959 2189 Noviomaoi
1981 2108 2095 2187 nostri,
2123 2109 2230 2188 magni

485 2209 629 2276 Martini
656 2204 792 2273 botheri
819 2220 856 2267 ac
885 2200 1093 2267 Elisabethae
1120 2199 1410 2269 Blanderdreimiae
1439 2200 1558 2268 obitam
1572 2202 1618 2284 ⁸):
1646 2204 1823 2271 oratiorum
1846 2207 1995 2286 imposte
2020 2226 2118 2287 snper
2145 2207 2231 2272 iliad

486 2309 563 2377 Johi
590 2306 694 2384 XIX,
723 2304 796 2371 Soio
829 2300 915 2384 qaod
943 2299 1137 2380 Redemptor
1157 2304 1234 2365 ete:
1263 2298 1318 2366 De
1347 2298 1560 2380 Catedrisrno,
1588 2322 1687 2383 snper
1717 2302 1930 2387 anaqeliam
1958 2304 2070 2371 Marsi
2095 2306 2146 2371 X:
2177 2306 2231 2372 De

485 2406 680 2489 annoelioo
708 2403 953 2470 Contionatore:
988 2398 1042 2465 De
1077 2398 1183 2481 officio
1211 2397 1380 2480 Principis
1406 2406 1437 2466 et
1466 2399 1726 2467 Concionatoria:
1754 2402 1808 2468 De
1831 2405 1969 2469 victorie
1996 2405 2164 2487 Principis
2191 2429 2232 2473 ea

488 2505 633 2575 CXLIX
652 2503 748 2569 Psoi:
770 2500 823 2565 De
843 2498 1034 2565 Christiana
1049 2497 1119 2579 fide
1139 2497 1185 2562 ad
1204 2495 1416 2564 Bremenses:
1437 2497 1665 2582 Defensionem
1686 2502 1827 2585 conjaaii
1846 2503 2066 2570 Sacerdototis
2088 2527 2126 2569 ae
2149 2506 2231 2571 Con-

487 2608 685 2672 mmtomm
706 2599 973 2682 monetaneum
995 2596 1040 2661 ad
1059 2595 1279 2662 Colonienses:
1300 2596 1353 2663 De
1373 2600 1516 2664 nonaria
1537 2601 1692 2666 oratori-is
1714 2600 1846 2667 limiam:
1871 2602 2012 2669 Postilla
2027 2625 2092 2686 per
2111 2626 2232 2671 annam

488 2702 701 2783 MDXLIN)
723 2705 819 2780 atque
841 2695 1021 2773 Coneiones
1043 2693 1154 2775 quibus
1175 2694 1319 2761 Messias
1339 2697 1471 2761 nomina
1493 2696 1721 2779 interpretatus
1742 2705 1802 2765 est
1846 2700 1977 2766 Pristin
1998 2702 2075 2768 baec
2096 2704 2233 2787 subjecit

486 2804 582 2869 etiam
602 2800 700 2867 textui
722 2796 878 2863 Hebraico
900 2792 1148 2860 Proaerbiornm
1168 2792 1349 2860 Salomonis
1370 2801 1510 2878 quatuor
1531 2797 1675 2863 adieram
1695 2797 1882 2882 linaearum
1901 2801 2063 2867 versiones
2082 2811 2113 2868 et
2133 2825 2233 2869 anno

488 2903 642 2968 tationes.-
668 2898 813 2978 idanque
843 2895 875 2958 in
903 2891 1026 2972 aliquot
1044 2890 1218 2972 Prophetas
1245 2892 1416 2974 praestitit.
1466 2892 1549 2960 Sunt
1571 2901 1605 2962 et
1628 2896 1813 2964 (lomaniae
1834 2898 1989 2979 quaedam
2010 2900 2068 2965 sub
2091 2902 2233 2982 ejusdem

488 3001 611 3066 nomine
631 2998 726 3077 edita,
746 3012 879 3078 quarum
901 2996 1007 3056 amen
1028 2991 1115 3057 nulla
1133 2991 1184 3057 hic
1204 2992 1331 3057 mentio.
1379 2990 1529 3058 Melissus
1549 2994 1583 3058 in
1604 2995 1671 3075 ejus
1693 2995 1815 3062 obitum
1837 2995 1915 3062 baec
1935 2999 2061 3079 reliqun

925 3088 987 3144 Hos
1004 3091 1115 3155 eineres,
1130 3091 1197 3146 haee
1214 3090 1296 3145 mata
1312 3088 1399 3144 Fidae
1416 3090 1536 3145 innoxia
1551 3098 1643 3147 servat

1062 3175 1162 3231 Deleta
1173 3175 1201 3245 ⁸)
1219 3174 1289 3246 Spes
1304 3180 1331 3231 er
1350 3173 1475 3231 Caritas:

1062 3260 1157 3316 Filiae
1175 3262 1256 3317 Iocis
1273 3261 1372 3331 inclyti
1389 3276 1505 3316 sorores.

926 3346 1025 3399 Prima
1043 3362 1139 3400 saeros
1155 3348 1230 3401 lauri
1242 3346 1361 3416 frondes
1377 3353 1408 3402 at
1421 3348 1556 3416 prasiana
1572 3347 1682 3415 palmae·

1063 3432 1178 3503 &heroii
1189 3435 1212 3500 ⁸)
1231 3435 1348 3488 virentes
1365 3434 1501 3487 romolos:

1064 3518 1145 3574 Mitis
1161 3520 1260 3575 athaia
1275 3520 1426 3590 commutas
1444 3520 1541 3575 cheae.

926 3603 1007 3658 Saloe
1024 3620 1087 3659 care
1104 3620 1201 3659 sensa:
1218 3612 1248 3660 ta
1265 3622 1337 3660 nane
1356 3605 1437 3675 quasi
1457 3603 1484 3674 ²)
1501 3604 1611 3660 stellula
1625 3605 1720 3674 soloas

1065 3688 1142 3745 Celso
1159 3693 1249 3747 nitens
1261 3693 1287 3759 ⁸)
1307 3693 1336 3746 in
1354 3693 1479 3745 aetlrere:

1064 3774 1127 3828 Hoe
1147 3777 1188 3828 toi
1201 3776 1326 3844 promtam
1345 3776 1449 3829 laborIs
1462 3777 1493 3841 ⁸).

595 4063 624 4130 1)
641 4062 688 4119 Sic
705 4062 760 4118 Dil.
780 4079 841 4120 cnm
858 4063 1017 4138 Boiasardo‚
1041 4070 1088 4137 qui
1109 4069 1239 4126 librorum
1262 4070 1415 4140 cahlogum
1439 4086 1454 4124 c
1476 4070 1583 4126 Simleri
1609 4071 1727 4140 echome
1752 4070 1875 4127 biblioth.
1896 4070 1925 4127 C.
1944 4069 2059 4128 Gesneri
2079 4072 2239 4140 exseripah3

491 4148 647 4206 Striederua
664 4148 858 4205 &mallones
876 4150 904 4205 in
922 4151 966 4208 Pa.
987 4152 1109 4210 CXVII
1121 4155 1287 4212 Ratisbonae
1308 4157 1373 4211 1541
1393 4155 1482 4213 editas
1500 4156 1572 4229 dicit,
1597 4155 1743 4212 bdollernm
1762 4163 1880 4228 secutus,
1904 4158 1952 4226 qui
1970 4156 2078 4213 Simleri
2096 4172 2238 4213 nnmerum

492 4252 527 4292 ex
543 4235 613 4304 ipsis
629 4234 704 4289 titali
723 4232 820 4305 verbis,
838 4236 937 4305 quibus
954 4237 1062 4294 initium
1080 4241 1180 4296 Psalmi
1198 4240 1339 4313 indicatur,
1359 4240 1549 4312 corrigendum
1566 4257 1628 4298 ease
1646 4242 1756 4298 monuit

593 4322 626 4391 2)
643 4319 710 4376 Cod
727 4319 858 4378 domem.

594 4406 624 4472 3)
647 4405 795 4475 Complura
816 4408 997 4479 neglIgentiaa
1020 4412 1134 4479 resima
1156 4412 1279 4481 reperire
1302 4413 1381 4470 nobis
1406 4412 1529 4468 mernor
1559 4413 1628 4469 haee
1659 4420 1846 4480 eomparautea
1875 4428 1936 4469 cnm
1961 4413 2100 4470 Boisaardi
2133 4416 2239 4470 serbis:

492 4491 595 4549 Edidit
613 4493 696 4549 etiam
715 4493 855 4549 medones
868 4494 1000 4563 funebres
1016 4498 1047 4550 in
1063 4498 1166 4552 obitam
1183 4499 1311 4566 Eobani;
1332 4501 1363 4554 in
1381 4500 1486 4555 obitam
1506 4498 1626 4555 Gerardi
1645 4498 1829 4566 Naaoimaaoi:
1851 4501 1881 4553 in
1901 4501 2002 4555 obitura
2021 4501 2103 4557 Doat
2123 4501 2240 4556 Nicolai

494 4578 609 4648 Maeni:
626 4578 657 4633 in
675 4578 778 4633 obitam
792 4578 874 4635 Doot.
893 4580 1015 4636 Martini
1033 4581 1158 4638 liutheri
1194 4582 1232 4637 Ia
1250 4585 1353 4641 obitam
1371 4586 1550 4640 Elisabethae
1567 4584 1784 4639 Blasionemiae.

593 4664 620 4731 4)
639 4661 705 4718 Cod.
725 4661 872 4719 CDXLV.

596 4749 626 4815 b)
645 4747 821 4803 scribendum
838 4756 897 4804 erat
915 4750 1076 4820 Dulcisqne,
1092 4750 1164 4820 quod
1183 4760 1272 4812 eutat
1289 4753 1362 4823 apud
1379 4754 1527 4825 Adamana,
1552 4754 1644 4824 quiin
1664 4754 1720 4811 rita
1736 4753 1817 4810 Drae.
1834 4755 2023 4825 theologorum
2047 4760 2110 4816 ritis
2136 4758 2239 4815 ineerta

494 4830 600 4887 bialluel
618 4832 784 4901 epigramma
802 4834 921 4890 exhibet.

597 4917 629 4988 6)
645 4917 728 4986 Apud
746 4918 882 4974 adamum
899 4930 941 4976 est
957 4922 1070 4991 sparsit.

595 5008 626 5072 7)
643 5003 739 5062 Adam.
757 5022 812 5062 een

596 5089 629 5161 8)
644 5089 742 5148 Adam.
761 5092 874 5147 noma.

600 5177 629 5243 9)
648 5175 743 5231 Adam.
760 5176 837 5231 addit
855 5183 927 5242 esto;
946 5178 972 5231 in
992 5178 1051 5231 eod.
1072 5178 1126 5233 hil.
1147 5180 1256 5234 verbum
1276 5196 1384 5236 erasum
1405 5183 1546 5251 estquod
1566 5191 1678 5253 propter
1696 5191 1811 5240 metrum
1827 5202 1882 5240 non
1902 5185 2018 5242 debebat
2036 5187 2132 5242 omitti.
