5409 7267
482 938 528 1007 56

479 1125 546 1191 siue
560 1122 735 1205 ortulum
756 1122 879 1187 ereum
898 1122 1135 1187 murratum·
1156 1120 1199 1186 ad
1212 1120 1424 1200 cognitionem
1435 1121 1539 1202 legum
1554 1125 1731 1206 comprimis
1748 1128 1971 1191 necessarium:
1994 1128 2047 1195 De
2062 1130 2229 1199 Sententia

480 1244 537 1291 seu
553 1221 975 1306 prouuueiotiuujudiois,
1003 1239 1096 1302 quam
1122 1219 1338 1301 jurisconsulti
1367 1219 1408 1284 ab
1437 1218 1552 1287 effectu
1578 1240 1645 1287 rem
1672 1232 1785 1289 vocant
1808 1225 1997 1307 judicatam:
2023 1229 2077 1296 De
2099 1233 2180 1314 jure
2200 1242 2232 1299 et

480 1325 642 1407 aequitate
659 1322 825 1405 sorerrsem
855 1320 1124 1402 disputationum:
1154 1317 1363 1385 Ooiiotionem
1389 1316 1486 1384 Jurts
1518 1319 1633 1388 Oioile'e
1663 1329 1694 1388 et
1722 1322 1893 1391 Oauouioi:
1912 1324 2172 1412 munuum
2192 1333 2231 1399 L.

481 1424 651 1510 diffamari
673 1420 706 1488 0.
729 1421 768 1487 de
788 1421 914 1503 iuqeuu.
933 1440 1050 1484 mauu:
1072 1418 1125 1485 De
1146 1417 1407 1500 Eeequutoribus
1428 1417 1505 1483 item
1527 1419 1716 1488 ultimorum
1734 1423 1950 1492 voluntatum:
1971 1425 2025 1493 De
2045 1432 2140 1511 cepio
2160 1453 2230 1499 oer-

481 1526 592 1591 iorum
613 1527 644 1589 et
660 1541 770 1587 rerum
795 1520 831 1585 iu
850 1520 930 1602 jure
950 1516 1063 1585 Civili:
1094 1517 1366 1583 Restaurationem
1385 1518 1525 1601 politiae
1552 1520 1644 1588 urbis
1665 1521 1764 1589 Rau:
1793 1541 1831 1590 aa
1851 1523 2063 1608 Digestorum
2082 1530 2230 1600 iudicent

481 1624 546 1694 Sub
567 1624 634 1707 ejus
653 1620 735 1686 iconi
754 1618 787 1684 hi
807 1617 929 1699 Paguni
949 1618 1099 1698 leguntur
1118 1633 1245 1681 versus:

964 1718 1067 1787 Aspice
1087 1713 1215 1770 Caesarei
1230 1712 1414 1769 aeueroudum
1433 1713 1515 1769 Jurta
1532 1716 1679 1784 Addictum,

1004 1802 1087 1871 Quem
1105 1802 1181 1856 tenui
1196 1801 1283 1855 eoiero
1294 1800 1384 1869 fluuit
1401 1800 1432 1854 iu
1448 1815 1511 1855 aere
1528 1818 1634 1857 mua.

968 1886 1206 1956 Oideudorpiaeoe
1224 1886 1306 1941 deaut
1320 1886 1384 1941 Mne
1402 1891 1429 1941 et
1443 1888 1538 1956 gioria
1553 1891 1642 1958 gentis

1000 1974 1129 2028 Dicitur:
1145 1974 1266 2030 Ausonii
1279 1978 1382 2042 portus
1400 1978 1426 2026 et
1440 1988 1513 2029 aura
1525 1974 1597 2043 jori

480 2073 574 2159 Apud
590 2072 751 2155 Nigidium
771 2085 846 2134 vero
867 2064 925 2130 hoe
944 2077 1072 2129 carmen
1086 2060 1132 2140 ¹)³

970 2159 1074 2229 niaque
1093 2156 1272 2226 Oideudorqu',
1290 2163 1320 2212 tu
1339 2158 1432 2211 oiouu
1444 2156 1521 2225 juris
1538 2160 1646 2229 aegium

1002 2243 1200 2316 Gymuoeiique
1217 2241 1302 2310 duim
1318 2243 1362 2297 eoi
1381 2244 1456 2297 oeiut
1473 2259 1545 2300 unua
1562 2260 1639 2300 erar:

964 2328 1080 2385 Dudum
1099 2326 1319 2399 quandoquidem
1341 2344 1458 2398 superus
1476 2330 1617 2386 inuaserat
1635 2347 1707 2399 oros,

1001 2414 1053 2470 Oui
1070 2413 1162 2470 antido
1180 2430 1198 2467 α
1213 2414 1295 2482 ferro
1313 2413 1403 2467 uoode
1419 2429 1517 2468 nomeu
1534 2421 1601 2469 erat.

966 2501 1074 2556 Muitos
1091 2500 1229 2569 scripsisti
1246 2499 1338 2564 tetros,
1357 2514 1427 2567 quoe
1447 2497 1597 2568 Gymnicus
1614 2508 1695 2568 atque

1002 2587 1148 2655 Grypum
1164 2586 1272 2639 amatia
1290 2584 1433 2639 molum
1451 2586 1542 2654 type.-

968 2676 1041 2743 Que'u
1050 2678 1077 2728 et
1093 2671 1239 2735 Weeieieu,
1257 2677 1349 2725 noster
1364 2686 1472 2738 quoque
1485 2669 1591 2737 Goion,
1611 2670 1708 2726 deden
1716 2674 1742 2739 'i

997 2758 1199 2814 Aueiiiatrieee
1216 2755 1365 2811 mutauere
1378 2758 1400 2823 ⁸)
1419 2772 1525 2811 uouue.

966 2843 1030 2898 Hos
1048 2844 1073 2896 si
1092 2843 1154 2913 quie
1172 2843 1271 2908 recitet,
1290 2842 1389 2896 summi
1406 2858 1513 2912 quoque
1530 2840 1631 2911 sydera
1649 2841 1717 2895 coeii

999 2930 1089 2998 Atque
1108 2928 1193 2981 maris
1206 2928 1312 2999 fluctuo
1331 2929 1357 2982 ia
1375 2942 1518 2982 numerare
1536 2925 1607 2981 uelit,

966 3012 1039 3079 Ejus
1057 3014 1087 3067 iu
1106 3028 1152 3067 ore
1164 3013 1227 3081 fuit
1241 3012 1334 3067 creora
1353 3013 1488 3067 amteutia
1507 3012 1593 3065 Pauli
1598 3031 1606 3064 .·

1007 3098 1072 3151 Vita
1091 3099 1158 3151 motii
1177 3097 1311 3163 Uiriatus,
1329 3114 1404 3152 mors
1421 3099 1489 3151 mebi
1506 3096 1583 3151 deice
1602 3098 1714 3150 luorum.

970 3182 1109 3248 (tumuere
1126 3181 1198 3235 uude
1216 3183 1285 3248 iicet,
1304 3188 1424 3251 quoutm
1439 3183 1554 3251 pietan'e
1576 3188 1686 3235 anatot·

1000 3268 1139 3323 Extiterit
1155 3285 1241 3324 cereus
1259 3268 1465 3337 decrepitusque
1480 3283 1568 3322 seura

1151 3479 1318 3543 ioannes
1345 3477 1560 3542 Lersnerus.

605 3641 644 3707 Iu
673 3640 733 3706 irae
754 3640 927 3708 Bessorum
955 3641 1034 3707 urba
1062 3647 1198 3724 natus⁴i
1226 3660 1267 3709 ea
1284 3660 1306 3708 u
1325 3659 1425 3724 puero
1445 3639 1613 3722 didieii⁸),
1640 3657 1720 3722 quae
1746 3658 1811 3705 non
1832 3640 1959 3721 quidem
1979 3640 2022 3706 ad
2044 3644 2179 3723 speeiem
2196 3649 2230 3710 et

482 3740 694 3823 prolusionem
712 3738 808 3804 veluti
830 3739 1058 3820 gladiatoriam,
1076 3739 1132 3805 sed
1150 3741 1192 3804 ad
1210 3758 1301 3806 usum
1322 3741 1425 3821 ipsum
1446 3738 1554 3804 valere
1571 3738 1755 3806 viderentur
1768 3740 1948 3824 praecipue,
1966 3744 2005 3806 ui
2025 3739 2171 3806 videlieet
2189 3740 2230 3807 iis

483 3839 563 3920 ipsis
583 3837 765 3917 sententiis,
785 3837 901 3918 quibus
923 3844 993 3918 tyro
1014 3838 1210 3920 prolueret,
1238 3839 1271 3903 in
1292 3838 1414 3904 erudito
1434 3836 1565 3919 pulvere
1585 3855 1728 3920 pugnare
1748 3844 1859 3921 possm
1879 3838 1994 3906 aetads
2015 3836 2145 3905 eduiue
2168 3839 2230 3903 vir.

484 3937 620 4018 Ideoque
640 3941 809 4018 postqum
836 3936 931 4001 otiam
952 3954 1074 4002 ornnem
1099 3937 1162 4002 vim
1183 3937 1431 4019 varietatemque
1454 3935 1534 4019 juris
1554 3954 1674 4003 summo
1694 3937 1798 4004 studio
1823 3937 2014 4020 summisque
2036 3935 2231 4004 Ductoribus

484 4035 718 4118 eomprehendit
736 4039 902 4116 aeouraie,
930 4034 1148 4102 institutiones
1169 4035 1335 4118 praecipue
1356 4034 1377 4100 J
1380 4035 1572 4101 ustininneas
1593 4035 1654 4101 sibi
1671 4035 1828 4119 seposuit,
1855 4034 2021 4118 inquibus
2041 4034 2231 4117 elaboraret,

484 4135 543 4202 sed
560 4136 608 4201 ita
626 4140 740 4216 tanen,
761 4140 798 4200 ut
816 4133 913 4200 etiam
932 4134 1075 4216 Reipuhi.
1102 4134 1260 4218 regendae
1280 4135 1394 4200 summi
1414 4133 1584 4201 Dieastorii
1608 4152 1751 4202 assessor
1770 4135 1964 4204 constitutus
1984 4139 2106 4217 purtem
2131 4134 2230 4201 attin

484 4239 583 4316 geret
626 4235 717 4298 Anno
738 4250 862 4315 quoque
882 4232 1068 4301 unxnvu
1079 4234 1266 4300 Audentius
1287 4233 1437 4299 tractavit
1452 4233 1667 4316 gubernacula
1688 4252 1726 4301 eo
1740 4252 1817 4300 sane
1831 4239 1981 4316 tempore,
2008 4250 2070 4314 quo
2087 4234 2229 4302 mammis

483 4335 520 4402 iu
538 4332 674 4399 monus
694 4332 881 4399 versabatur
901 4331 1017 4414 patria.
1068 4332 1149 4398 Nam
1170 4332 1328 4400 Saxonum
1349 4332 1436 4397 Duce
1456 4336 1569 4415 capta,
1597 4332 1728 4415 ejusque
1755 4334 1893 4400 exercitu
1917 4331 1989 4400 iuso
2007 4331 2109 4398 noem
2130 4332 2229 4398 immi·

483 4433 578 4502 nebai
605 4430 739 4500 Hassiao
765 4430 896 4512 tinibus,
928 4438 962 4498 et
991 4432 1279 4514 pestilentissimum
1306 4439 1433 4516 tempus
1460 4431 1494 4497 in
1522 4449 1575 4497 eos
1603 4432 1764 4498 saeiiebet
1789 4433 1975 4515 praecipue,
2007 4431 2060 4514 qui
2091 4431 2229 4514 eorporis

483 4531 692 4614 ornesmbmt
713 4530 847 4611 minus,
876 4530 924 4597 ita
952 4535 989 4598 ut
1010 4548 1102 4598 senes
1121 4532 1304 4614 reliquaque
1324 4530 1419 4598 turba
1438 4529 1572 4596 imbellis
1601 4549 1623 4597 a
1649 4532 1794 4615 contagio
1814 4547 1946 4614 prorsus
1968 4537 2054 4599 esset
2072 4529 2226 4596 immunis

485 4631 568 4710 Quin
585 4636 622 4696 et
639 4630 854 4712 Landgrnrius
877 4629 1006 4698 tandem
1032 4631 1100 4712 ipse
1129 4631 1162 4697 in
1184 4630 1330 4698 Caesaris
1356 4629 1525 4697 arbitrium
1542 4636 1637 4716 atque
1656 4636 1849 4716 potestatem
1872 4630 1976 4713 uenit,
2004 4628 2228 4712 literarumque

485 4729 605 4795 libidini
626 4730 785 4811 subJectus
812 4735 871 4794 est.
924 4728 1090 4795 Caeterum
1109 4730 1280 4795 Lersnerrrs
1309 4728 1377 4810 ipse
1398 4729 1446 4793 vir
1467 4730 1602 4811 optimus
1632 4735 1666 4795 et
1694 4728 1987 4812 praestantissimus
2007 4728 2041 4794 in
2062 4728 2132 4810 ipsa
2151 4745 2229 4796 eura

485 4833 520 4894 et
539 4827 743 4894 meditatione
762 4827 898 4895 obeundi
917 4828 968 4892 sui
988 4829 1128 4893 muneris
1150 4829 1284 4893 excessit
1304 4845 1324 4891 a
1343 4828 1411 4891 vita
1430 4827 1508 4892 XIX
1528 4828 1674 4894 ianuarii
1693 4846 1778 4896 anno
1790 4828 1847 4894 DL
1860 4833 1893 4896 ei
1914 4827 1948 4893 in
1968 4843 2089 4893 suntuna
2111 4826 2228 4908 templo

485 4925 630 4993 conditus
650 4932 708 5008 est,
730 4928 817 5009 eujus
835 4927 947 4993 laudes
966 4926 1104 4993 breviter
1123 4928 1155 4991 in
1177 4926 1393 4993 menusanum
1412 4924 1550 4992 Eieneho
1571 4927 1736 5009 Nigidius:

754 5037 872 5047 ο--ι--ι-

590 5092 617 5161 1)
636 5090 739 5159 Nigidii
764 5106 871 5146 carmen
895 5090 1019 5159 pluribus
1049 5092 1118 5148 iocis
1141 5093 1310 5146 immutatum
1335 5097 1424 5145 exstat
1447 5090 1520 5159 epod
1545 5090 1721 5149 Boisserduur
1743 5093 1771 5146 iu
1793 5091 1850 5146 ritu
1873 5088 1987 5145 alienu
2013 5089 2096 5148 sttui
2117 5088 2229 5146 Ionon·

485 5176 557 5245 perii
575 5177 685 5231 inserta
958 5237 963 5245 ,

587 5265 615 5328 2)
632 5262 665 5316 In
681 5261 784 5331 Nigidii
801 5262 924 5316 Eieneho
943 5270 1032 5316 exstat
1049 5263 1166 5328 Cottius,
1186 5261 1287 5315 iisdem.

588 5346 617 5415 s)
634 5347 725 5415 Nigid.
745 5348 896 5403 exhibuere.

589 5432 670 5501 4)1n
700 5434 820 5501 margine
845 5432 964 5488 additum
988 5441 1030 5488 est
1052 5448 1126 5487 auno
1150 5438 1236 5500 1522,
1263 5449 1343 5501 quem
1366 5450 1465 5490 nonum
1481 5434 1618 5491 Frnhurue
1637 5435 1757 5504 reeepii3
1774 5433 1929 5491 diffindere!
1946 5440 2043 5490 neuin
2067 5446 2092 5486 e„
2116 5430 2226 5486 unxn

485 5532 549 5574 eun
564 5525 656 5574 neuim
675 5532 737 5573 oeae
754 5518 842 5574 nudie

586 5604 617 5673 o)
634 5603 725 5659 Locus
743 5604 875 5672 imaginis.
