5409 7267
1083 1161 1385 1244 christophorus
1412 1162 1623 1226 Lorsnerus

1249 1290 1462 1360 Marpurgeusis.

603 1443 713 1510 Jacobi
726 1443 872 1508 Lersneri
884 1442 1070 1509 Academiae
1085 1440 1338 1510 vicecancellarii
1359 1446 1393 1507 et
1410 1440 1596 1524 professoris
1615 1436 1716 1505 frater
1737 1458 1805 1507 cum
1824 1459 1880 1523 per
1894 1460 1995 1510 annos
2015 1446 2047 1511 in
2063 1447 2231 1513 Academia

480 1544 639 1611 docuisset
658 1542 777 1625 aliquot
799 1560 837 1607 ea
861 1542 971 1610 relicta
992 1543 1025 1608 in
1046 1543 1204 1608 Ducatum
1226 1541 1495 1623 Megapolitanum
1516 1539 1669 1606 concessit
1689 1539 1729 1606 ab
1750 1540 1819 1623 ejus
1846 1540 1991 1626 Principe
2012 1545 2231 1613 innumerum

480 1641 736 1710 consiliariorum
757 1642 891 1724 electus,
920 1642 974 1708 ubi
995 1660 1115 1709 surnma
1139 1641 1168 1706 ei
1190 1658 1266 1706 cura
1285 1640 1346 1706 iuit
1362 1640 1550 1724 judiciorum
1571 1639 1876 1724 constituendorum,
1903 1661 1965 1724 quo
1993 1644 2117 1710 nomine
2144 1653 2232 1713 terra

480 1744 545 1810 ista
574 1742 605 1808 ei
633 1740 728 1808 debet
754 1740 932 1823 plurimum
982 1741 1060 1808 Inde
1083 1740 1295 1822 Brunsuigum
1316 1739 1450 1806 contulit
1478 1756 1563 1820 sese,
1590 1738 1707 1805 ibidem
1733 1737 1861 1821 Syndici
1886 1739 1988 1808 officio
2016 1740 2143 1811 functus
2170 1747 2232 1813 loci

480 1840 701 1909 commoditate
729 1840 868 1906 allectus.
924 1840 985 1908 Sed
1012 1859 1110 1922 quum
1143 1840 1294 1923 imprimis
1322 1840 1407 1905 vitae
1437 1838 1600 1919 quietioris
1612 1839 1641 1921 ¹)
1678 1857 1783 1905 umore
1819 1844 1995 1922 teneretur,
2026 1842 2231 1927 Marpurgum

480 1941 584 2021 rediit,
603 1947 640 2005 ut
658 1939 762 2006 animo
778 1938 953 2006 forensibus
977 1941 1110 2022 negotiis
1131 1939 1252 2005 defesso
1275 1958 1352 2005 cura
1372 1943 1470 2020 atque
1486 1938 1592 2004 labore
1612 1956 1731 2005 vacuus
1750 1940 1872 2006 viveret
1892 1940 1996 2008 mtbic.
2038 1942 2122 2011 Hinc
2136 1963 2231 2027 porro

480 2041 577 2106 rebus
598 2039 644 2106 ita
664 2039 730 2105 suis
750 2039 983 2122 postulantibus
1004 2039 1208 2121 Fridbergam
1228 2039 1321 2121 abiit,
1345 2038 1399 2104 ubi
1424 2038 1541 2121 Aprilis
1562 2038 1609 2104 XI
1627 2057 1710 2105 auno
1734 2038 1874 2107 MDOEII
1894 2042 1974 2107 satis
1994 2040 2068 2109 fecit
2098 2051 2231 2112 naturae

482 2138 582 2206 tribus
604 2138 694 2204 annis
716 2140 917 2221 octogenario
940 2139 1056 2221 major,
1083 2139 1130 2204 vir
1155 2139 1188 2204 in
1213 2139 1294 2221 juris
1321 2138 1453 2204 scientia
1473 2138 1723 2221 versatissimus,
1750 2140 1917 2221 gravitatis
1939 2159 2072 2224 magnae
2095 2148 2128 2207 et
2149 2145 2230 2209 anti-

483 2238 613 2320 quitatis
634 2238 773 2320 apprime
795 2239 964 2304 studiosus.
1006 2239 1055 2304 De
1077 2239 1169 2321 hujns
1189 2238 1392 2304 benemeritis
1414 2237 1458 2303 sic
1480 2237 1679 2303 Hermannus
1701 2238 1891 2305 Fabronius:

969 2338 1156 2408 Morparpara
1169 2339 1260 2407 prius,
1279 2344 1362 2407 atque
1380 2337 1539 2406 Mepapolia
1556 2336 1627 2404 iude,
1645 2337 1742 2393 deinde

1001 2423 1198 2489 Brurtsuieum,
1219 2422 1328 2477 tandem
1346 2422 1568 2493 Meqrmberpa
1587 2429 1670 2492 tenet;

970 2509 1079 2580 Quanto
1099 2508 1314 2577 &cristophorus
1332 2509 1486 2563 Lersnerree
1504 2523 1613 2564 munere
1630 2508 1731 2580 <liparea

1003 2596 1093 2665 Inone
1111 2595 1205 2650 schola
1220 2601 1335 2665 praesto
1353 2595 1458 2649 maerit
1474 2596 1557 2664 inque
1572 2595 1650 2663 foro.

969 2682 1096 2751 Dumque
1112 2684 1154 2735 ila
1172 2680 1206 2735 de
1216 2682 1317 2751 patria
1332 2681 1447 2735 meritus
1464 2682 1529 2736 berae
1546 2683 1655 2748 emerit,
1673 2683 1743 2738 idem

1002 2770 1029 2822 A
1044 2769 1142 2837 patria
1160 2768 1258 2822 merito
1272 2768 1423 2836 posthuma
1441 2773 1507 2822 voto
1524 2770 1607 2838 capit.

1134 3004 1318 3085 Aegidius
1348 3002 1583 3067 Mommerius

1251 3134 1463 3202 Limburgensir.

611 3291 688 3356 Cum
710 3309 792 3356 anno
814 3290 929 3356 MDLV
954 3287 1163 3370 amplissimos
1185 3286 1218 3351 iu
1240 3290 1373 3368 utroque
1389 3286 1462 3368 jure
1483 3284 1647 3365 dignitatis
1663 3284 1839 3348 conterente
1858 3285 2069 3369 Oldendorpio
2090 3289 2226 3371 adeptus

484 3397 568 3457 esset
587 3392 719 3458 bonores
733 3393 796 3457 LL.
821 3396 854 3454 et
872 3389 1014 3472 justitiae
1029 3387 1133 3452 cultor
1147 3385 1324 3463 acerrimus,
1344 3401 1407 3448 non
1420 3382 1641 3447 adumbratam
1661 3383 1778 3464 gloriae
1791 3384 1959 3466 imaginem
1973 3388 2029 3453 sed
2042 3389 2229 3454 eminentem

483 3493 610 3558 virtutis
639 3491 773 3573 effigiem
803 3492 1003 3555 consectatus
1029 3490 1185 3567 perpetuo
1213 3484 1245 3547 in
1276 3482 1335 3547 bac
1362 3481 1532 3546 Academia
1561 3481 1667 3547 docuit
1692 3481 1832 3565 publice,
1868 3485 1968 3551 donec
1997 3486 2037 3551 ab
2064 3487 2227 3554 Illustriss.

482 3592 651 3657 Juliaoensi
671 3589 814 3669 Principe
836 3605 917 3651 anno
938 3584 1090 3649 MDLIIX
1110 3587 1258 3648 evocatus
1280 3598 1300 3645 a
1325 3580 1453 3644 minutis
1482 3584 1515 3642 et
1544 3581 1689 3660 anguis
1718 3583 2003 3650 concertationibus
2032 3585 2228 3652 scholasticis

482 3691 597 3755 mentis
630 3688 883 3753 exercitationem
911 3685 951 3749 ad
972 3700 1101 3749 caussas
1128 3678 1292 3746 Forenseis
1319 3679 1353 3743 in
1389 3677 1612 3759 augustissimo
1638 3679 1763 3761 Imperii
1793 3680 1971 3765 Tribunali‚
2008 3684 2091 3766 quod
2119 3686 2229 3767 Spirae

481 3791 646 3855 Nemetum
668 3794 735 3870 est,
765 3784 997 3867 cognoscendas
1025 3789 1120 3865 atque
1148 3777 1387 3846 constituendas
1419 3776 1575 3860 traduxit,
1608 3777 1641 3842 iu
1670 3797 1833 3845 numemm
1854 3782 2058 3850 Assessorum
2080 3785 2228 3851 Gamerae

484 3889 634 3970 adscitus,
655 3891 692 3952 ut
713 3905 774 3951 non
794 3885 948 3951 immerito
968 3882 1114 3964 Nigidius
1134 3880 1193 3945 bac
1211 3877 1367 3943 hominem
1387 3876 1563 3943 cumulasse
1582 3877 1676 3944 laude
1698 3879 1848 3947 videatur.

970 3981 1149 4035 Mommeriua
1160 3978 1244 4047 soma
1260 3977 1362 4031 maltos
1378 3976 1522 4045 superauit
1541 3982 1568 4031 et
1584 3992 1640 4044 ore,

1002 4066 1073 4121 Jure
1091 4065 1221 4135 bipertito
1241 4065 1288 4132 pai
1303 4063 1418 4128 nituere,
1435 4063 1519 4117 oiroa.

968 4154 1022 4208 Jas
1039 4152 1134 4207 docuit
1150 4150 1246 4206 dextre
1263 4149 1358 4205 multia
1375 4149 1548 4214 mirantibus,
1567 4148 1659 4217 ipsam

1002 4237 1140 4293 Doctrina
1151 4236 1279 4304 juvenem
1298 4241 1339 4291 tot
1354 4250 1487 4305 superare
1501 4249 1585 4288 amca.

968 4324 1097 4378 Juliueaa
1113 4323 1248 4391 Princeps
1269 4336 1400 4376 revocans
1417 4321 1489 4375 tuac
1507 4334 1574 4373 moa
1593 4316 1744 4373 Galrelmue

1002 4409 1092 4463 Aulae
1109 4409 1181 4462 inter
1194 4423 1323 4477 proceres
1335 4406 1424 4475 jussit
1440 4407 1538 4460 baben
1556 4405 1652 4458 loererm
1664 4406 1687 4470 ¹)

972 4493 1045 4548 Hine
1064 4494 1175 4563 Spirom
1192 4494 1278 4559 misit,
1301 4492 1423 4547 Romani
1439 4496 1471 4545 at
1480 4490 1509 4559 ⁸)
1529 4489 1657 4544 waaris
1674 4490 1745 4543 inter

1007 4580 1059 4634 Tot
1075 4579 1168 4635 redeat
1184 4579 1290 4634 medias
1302 4578 1373 4645 jnra
1385 4575 1504 4646 suendo
1521 4581 1626 4646 patres.

969 4665 1044 4720 Deio
1058 4667 1183 4735 patrium
1199 4671 1323 4736 repetens
1336 4664 1425 4734 periit
1436 4660 1605 4730 dromedae
1623 4660 1712 4725 arania

1004 4749 1123 4806 Nelidae
1141 4749 1241 4822 deputes
1257 4750 1363 4806 uineae
1380 4749 1453 4805 secla
1470 4748 1550 4803 aenis.
1560 4747 1587 4815 ι)

1133 4985 1341 5068 wigandus
1371 4985 1584 5069 Happelius.

609 5154 711 5221 Natus
731 5152 898 5236 Marpurgi
917 5151 1088 5220 Hessorum
1109 5169 1193 5218 anno
1213 5148 1369 5217 leXXll
1389 5153 1480 5232 patre
1500 5145 1656 5229 wigando
1672 5142 1826 5227 Happebo
1849 5142 1915 5208 viro
1932 5138 2058 5208 Ordinis
2071 5138 2229 5208 Senatorii

425 5231 427 5235 Α
487 5252 669 5321 Consularis
691 5271 789 5337 quum
817 5252 851 5318 in
876 5251 983 5336 patria
1004 5251 1111 5320 schola
1132 5250 1314 5319 adolescens
1333 5248 1487 5315 Graecam
1507 5252 1541 5313 et
1560 5245 1710 5313 Latinam
1738 5242 1879 5326 linguam
1899 5240 2024 5323 egregie
2046 5239 2229 5321 imbibisset,

485 5354 658 5420 Lovauium
678 5353 757 5419 abiit
777 5371 859 5419 anno
881 5351 935 5420 ch.
955 5351 1162 5433 MDXXXIX,
1190 5349 1242 5417 ubi
1263 5354 1332 5415 turn
1351 5348 1482 5430 insignis
1502 5344 1744 5414 Mathematicus
1766 5341 1897 5408 Gemma
1918 5338 2039 5407 Frisius
2061 5344 2095 5406 at
2115 5337 2229 5405 Petrus

593 5576 620 5642 l)
639 5575 728 5629 Locus
746 5573 877 5642 imaginis.
976 5572 1006 5641 2)
1023 5571 1114 5626 Locus
1134 5570 1265 5639 imaginis.
1352 5570 1382 5638 3)
1399 5568 1463 5623 Cod.
1482 5574 1515 5622 et

589 5661 621 5729 A)
637 5658 793 5714 Striederus
812 5658 888 5729 VIII,
907 5675 934 5728 p.
954 5660 1005 5714 254
1023 5672 1085 5714 eum
1102 5672 1126 5712 a.
1144 5656 1204 5712 fere
1220 5655 1354 5711 MDLXX
1373 5661 1508 5710 marturan
1526 5667 1587 5707 esua
1604 5650 1696 5715 tradit,
1712 5650 1773 5706 Piot
1780 5666 1813 5705 or
1828 5650 1855 5704 io
1880 5663 1945 5704 usus
1963 5653 2088 5702 auctore.
