5409 7267
478 942 526 1013 82

475 1149 729 1232 praesumam
762 1142 918 1210 volamine
951 1145 1046 1224 atque
1081 1139 1217 1209 aliorum
1253 1148 1422 1224 praeterea
1456 1142 1614 1210 durorum
1642 1142 1838 1210 Medicorum
1864 1142 2021 1212 &maia
2046 1143 2230 1227 publicatis

480 1245 628 1314 omnibus
647 1248 682 1311 et
703 1242 835 1325 singulis
853 1240 916 1309 toti
936 1244 1095 1308 terram
1117 1241 1187 1307 orbi
1208 1242 1350 1323 cognitis.
1392 1241 1522 1309 Memini
1540 1242 1579 1309 de
1599 1243 1669 1325 ipso
1691 1240 1808 1324 Icg‘sse
1828 1242 1887 1310 hoc
1909 1242 2065 1312 dmcncn

964 1340 1022 1396 Per
1039 1346 1065 1396 tc
1081 1356 1153 1396 m
1170 1339 1286 1397 amm
1304 1340 1377 1398 (Ioco
1394 1341 1524 1398 lucceio
1538 1341 1641 1413 Apollo

1003 1428 1090 1497 Teque
1108 1426 1176 1482 coiit
1194 1425 1279 1483 Corsa
1298 1428 1428 1484 Teutonis
1446 1442 1497 1484 orc
1513 1443 1600 1483 m

481 1524 515 1585 ct
536 1515 737 1586 lnocNicolai
756 1514 909 1583 Rensneri

968 1610 1042 1668 Ocra
1059 1609 1188 1667 moade
1206 1609 1402 1679 Medicum,
1425 1627 1495 1668 coro
1511 1627 1638 1667 worm:

1007 1696 1616 1769 Utrccicoolecs‚tcmccacriptcdoccat

482 1790 530 1856 De
550 1789 661 1857 eod·
681 1792 716 1856 et
737 1787 796 1855 hos
816 1786 935 1870 Nigidii
954 1802 1064 1851 versus
1085 1782 1201 1849 habeto

964 1884 1129 1940 Doctriccm
1146 1881 1247 1954 Popcc
1264 1880 1432 1939 Grctcrolas
1446 1881 1527 1939 code
1540 1897 1657 1953 percus

1002 1970 1154 2026 (domama
1169 1969 1270 2039 cupido
1285 1970 1372 2024 cicere
1388 1971 1478 2040 coepit
1494 1985 1585 2040 agros.

965 2056 1077 2112 Ncbsiis
1093 2057 1165 2111 iane
1181 2057 1258 2111 astat
1275 2054 1560 2123 decepissem,
1577 2054 1626 2111 sed
1642 2071 1714 2111 cane

1005 2142 1060 2196 Vim
1076 2142 1157 2197 semei
1171 2148 1269 2197 occeio
1286 2158 1385 2197 massa
1399 2157 1431 2197 co
1447 2140 1546 2197 rediit:

964 2227 1027 2283 Sica
1045 2228 1119 2297 qood
1137 2226 1277 2283 Hessiccc
1294 2242 1350 2283 aon
1370 2234 1465 2298 posset
1481 2229 1571 2282 cicere
1587 2227 1671 2292 cotio,

998 2304 1152 2383 Sioe'qscd
1169 2314 1199 2367 in
1216 2314 1288 2369 cotis
1306 2314 1372 2369 urba
1390 2314 1505 2369 Baetice
1518 2314 1603 2383 foret

968 2399 1046 2455 Haec
1063 2401 1123 2454 cite
1135 2400 1231 2469 succ&
1245 2398 1337 2469 gelido
1353 2416 1426 2454 mccc
1442 2399 1520 2453 clarc
1536 2400 1680 2470 scpulciro

1003 2487 1124 2557 Insignis
1140 2484 1247 2541 claudit
1262 2500 1365 2555 corpus
1382 2491 1409 2540 ci
1424 2501 1489 2541 case
1505 2486 1568 2540 oiri.

1109 2654 1348 2722 Burchardus
1375 2653 1594 2722 Mithobius.

583 2780 800 2861 Hamburgum
809 2779 840 2861 ²)
866 2776 1026 2843 Inferioris
1050 2773 1206 2842 saxoniae
1234 2770 1276 2838 ad
1302 2770 1405 2853 Albim
1434 2772 1541 2838 urbem
1571 2771 1723 2853 insignem
1752 2777 1886 2857 patriam
1915 2776 2042 2863 habuit,
2073 2787 2223 2866 quicum

484 2898 604 2947 morum
620 2880 792 2959 suavium,
813 2876 999 2943 affabilitate
1014 2879 1048 2940 et
1065 2873 1228 2938 literarum
1241 2872 1416 2938 eruditione
1426 2871 1587 2953 praeditus
1601 2878 1685 2939 esset
1698 2875 1818 2958 eximia,
1838 2875 2070 2947 Mathematum
2082 2884 2222 2967 inprimis

486 2987 521 3048 et
541 2979 716 3046 Medicinae
743 2976 990 3043 studiosissimus
1015 2992 1053 3040 ac
1079 2972 1241 3039 Noutueno
1269 2971 1559 3055 conjunctissimus,
1593 2990 1661 3038 cum
1689 2990 1750 3055 quo
1782 2980 1816 3040 et
1842 2994 1993 3045 summum
2025 2982 2060 3046 in
2087 3002 2127 3049 ea
2152 3004 2223 3052 con·

487 3085 637 3161 seqnmm
663 3078 811 3158 ἀξίωμα,
849 3075 907 3140 sub
944 3075 1013 3155 ipsa
1044 3071 1232 3137 Academiae
1268 3070 1438 3152 primordia
1473 3072 1553 3136 iuter
1587 3071 1726 3153 reliquos
1765 3075 1905 3158 ejusdem
1933 3078 2086 3148 Proceres
2121 3102 2222 3166 usum,

486 3180 665 3257 sdentiam,
688 3175 826 3242 studium
847 3173 889 3238 ad
910 3172 1153 3237 Mathematicas
1172 3169 1350 3250 discipinas
1370 3169 1569 3250 explicandas
1590 3170 1731 3254 contulit,
1749 3174 1929 3259 Decaniquc
1948 3179 2091 3261 inprimis
2110 3203 2220 3251 munus

487 3296 571 3343 anno
591 3274 792 3342 MDXXXIII
812 3272 971 3338 sustinuit.
1013 3270 1128 3335 Postea
1147 3268 1188 3334 ab
1209 3268 1258 3333 his
1279 3267 1406 3348 quidem
1425 3268 1538 3333 studiis
1565 3268 1608 3335 ad
1628 3269 1779 3338 Medimm
1807 3280 1909 3341 artem
1934 3276 2068 3346 defluxit
2088 3301 2126 3347 eo
2146 3302 2221 3349 sane

487 3394 671 3462 progressu,
699 3380 736 3442 ut
759 3392 843 3439 anno
864 3370 1013 3438 DXXXV
1033 3368 1164 3435 hominis
1185 3386 1291 3449 verus,
1318 3368 1427 3450 justus
1450 3372 1546 3449 atque
1567 3368 1718 3436 honestus
1741 3372 1846 3458 labor,
1876 3393 1968 3457 quem
1995 3379 2099 3446 Isthsc
2125 3384 2158 3447 in
2185 3403 2220 3448 rc

486 3480 650 3560 posuerat,
677 3473 778 3540 solitis
798 3471 982 3550 honoribus,
1010 3468 1157 3552 praemiis
1176 3472 1270 3549 atquc
1293 3466 1460 3547 splendore
1482 3468 1691 3535 decoraretur.
1734 3471 1782 3537 Dc
1803 3480 1927 3542 caetero
1947 3479 2106 3559 specimen
2127 3484 2222 3548 ctiam

487 3576 660 3642 industriae
680 3574 714 3639 in
735 3572 871 3639 sectione
889 3569 1028 3654 publica,
1058 3585 1153 3651 quam
1173 3584 1256 3631 anno
1276 3565 1513 3651 MDXXXVI’)
1533 3568 1646 3651 obivit,
1668 3570 1761 3637 isthic
1782 3575 1902 3655 primus
1922 3577 2025 3644 edidit
2045 3579 2223 3647 luculentis-

487 3677 607 3742 sImum.
648 3674 763 3739 Postea
782 3670 938 3736 archiater
959 3667 1152 3750 landgravii
1172 3666 1274 3732 iactus
1296 3664 1442 3732 Cassellis
1462 3668 1651 3734 medicinam
1675 3688 1746 3736 cum
1773 3673 1865 3739 laude
1885 3671 1959 3742 iecit
1979 3677 2099 3762 aliquot
2119 3683 2220 3747 annis.

487 3774 638 3840 Mundam
666 3771 739 3837 inde
769 3769 854 3854 quod
885 3767 1033 3850 oppidum
1066 3772 1116 3831 est
1147 3765 1327 3830 Brunoniae
1358 3765 1397 3830 ad
1432 3766 1623 3833 confluentes
1651 3769 1770 3836 Fuddae
1790 3790 1828 3837 ac
1851 3773 2018 3858 werrhae,
2049 3779 2081 3843 in
2114 3781 2220 3846 auiam

489 3878 619 3940 vocatus
639 3871 714 3937 inibi
734 3870 832 3935 vitam
853 3886 924 3934 cum
935 3871 1035 3932 morte
1049 3864 1249 3931 commutavit
1262 3864 1398 3945 Augusti
1412 3865 1486 3931 XVI
1507 3866 1557 3932 die
1574 3884 1656 3933 anno
1670 3868 1818 3936 MDLIIV
1839 3872 1987 3958 relicto⁴J
2005 3875 2068 3942 filio
2081 3877 2221 3944 Hectore

489 3973 664 4040 studiorum
685 3974 887 4053 paternorum
908 3965 1029 4032 aemulo
1054 3969 1087 4030 ct
1111 3963 1195 4046 apud
1215 3962 1460 4030 Hannovcranos
1485 3964 1706 4034 Mathematico
1735 3976 1767 4036 ct
1795 3971 1917 4039 Medico
1940 3977 2220 4057 praestantissimo.

488 4073 583 4139 Edita
604 4077 654 4137 est
673 4088 693 4136 a
713 4067 895 4135 Barchardo
916 4065 1139 4133 Stereomctnis
1160 4081 1213 4129 ars
1234 4068 1338 4130 certas
1359 4063 1566 4132 dimensiones
1596 4084 1761 4151 corporum
1789 4072 1912 4138 ratione
1936 4073 2158 4142 mathematica
2184 4097 2223 4144 ac

488 4170 722 4238 stereometn‘ca
742 4169 832 4249 virga
853 4184 923 4231 cum
943 4163 1133 4230 dimensione
1154 4163 1397 4245 acquatorioque
1417 4164 1551 4247 desuper
1571 4166 1690 4234 affabre
1710 4168 1857 4237 coniectis
1879 4171 2012 4240 docens:
2038 4179 2074 4241 et
2094 4176 2222 4243 Ααααὶι·

488 4271 705 4339 Astroamnici
732 4268 928 4350 compositio,
964 4263 1148 4346 libellusque
1175 4262 1379 4331 Germanicus
1409 4265 1447 4331 dc
1471 4268 1631 4333 mosimuc
1655 4270 1786 4337 virtualis
1805 4272 1901 4353 scotie
1927 4276 1963 4339 ia
1983 4274 2171 4360 Spigelhcrp
2183 4278 2221 4360 ⁵).

489 4373 537 4439 De
556 4370 670 4438 studiis
691 4367 912 4434 MIthobiorum
932 4364 972 4430 II.
992 4363 1169 4429 Fabronius
1188 4362 1245 4428 hoc
1265 4363 1378 4448 adjecit
1398 4363 1616 4446 Epigramma:

969 4464 1056 4519 mato
1075 4463 1207 4518 Mititobii
1223 4462 1349 4518 celebras
1366 4463 1480 4519 docum
1498 4466 1645 4532 Mctdeaia,

1007 4550 1069 4620 Quo
1088 4547 1197 4604 &Mum
1213 4550 1288 4604 socio
1306 4549 1432 4605 ωιαιιοια
1449 4567 1541 4606 amore
1557 4551 1630 4607 colit.

970 4636 1026 4690 His
1042 4635 1160 4691 medicas
1177 4636 1306 4691 aciem
1317 4636 1399 4706 felici
1414 4653 1626 4705 mauresium,

1003 4722 1044 4778 Mi
1060 4723 1198 4794 pausent
1215 4720 1311 4777 uude
1327 4723 1420 4778 clance
1435 4731 1547 4794 amque
1563 4742 1635 4781 caca

489 4814 604 4880 Petrus
624 4819 729 4879 autern
748 4810 893 4894 Nigidius
913 4808 1101 4876 Mithobinm
1121 4810 1179 4874 hoc
1199 4809 1323 4875 amavit
1343 4809 1462 4892 elogio:

971 4908 1133 4964 chcrduo
1149 4908 1260 4963 ccleboo's
1276 4906 1373 4965 doctor
1387 4910 1541 4966 Mitiwdc‘us
1558 4911 1623 4966 olim

1005 4995 1149 5066 dynami
1165 4995 1254 5051 nostri
1268 4994 1413 5066 splendido
1425 4995 1509 5065 sacac
1519 4998 1588 5066 fait.

589 5103 617 5173 1)
635 5083 716 5170 apua
734 5100 872 5169 Nigitium
889 5103 978 5155 enac
994 5099 1080 5155 mos.

588 5189 618 5259 2)
636 5188 784 5256 Hambnrgi
803 5194 894 5245 natum
911 5185 1003 5244 dicunt
1020 5183 1158 5256 Nigidius,
1176 5184 1350 5255 Boissardus,
1376 5186 1498 5243 Adamas
1515 5187 1564 5256 al..
1588 5190 1685 5260 quibm
1703 5191 1777 5248 ausu
1793 5194 1975 5253 testimonium
1991 5197 2027 5255 ad
2043 5198 2222 5259 Neostadium

492 5274 708 5343 Calenbcrgensc
728 5272 857 5342 oppidum
874 5273 933 5343 ejus
951 5269 1082 5341 originem
1099 5270 1219 5327 referens
1231 5272 1384 5341 praefertur
1398 5289 1415 5329 a
1433 5271 1571 5332 Striedero
1588 5275 1643 5348 IX,
1662 5293 1689 5347 p.
1707 5280 1749 5333 68.

588 5361 618 5429 3)
635 5360 695 5415 IIoc
712 5360 812 5416 iactum
831 5373 893 5415 csse
912 5375 946 5415 m
964 5356 1041 5414 iulio
1059 5373 1083 5413 a.
1102 5358 1168 5413 1535
1186 5373 1220 5414 cr
1237 5359 1309 5417 Albo
1327 5359 1403 5417 acad
1420 5367 1547 5430 appares
1572 5361 1597 5417 d.
1617 5362 1663 5419 III.
1680 5380 1714 5420 na
1733 5365 1801 5423 Nou.
1824 5368 1946 5439 ejusdem
1967 5372 2031 5429 anni
2055 5373 2216 5433 doctoratus

490 5447 607 5516 insignia
624 5447 731 5515 accepit
747 5446 785 5502 M.
819 5475 853 5485 -
886 5446 917 5516 t)
935 5445 1026 5515 Imago
1043 5443 1178 5501 Mithobii.
1886 5449 1888 5453 '

588 5533 618 5602 ὁ)
636 5531 779 5588 Libromm
796 5530 877 5587 index
895 5545 911 5585 c
926 5530 1066 5588 Boisssrdi
1084 5530 1158 5588 Icon.
1176 5531 1227 5603 111,
1245 5548 1272 5602 p.
1292 5534 1343 5589 176
1361 5531 1499 5591 desumtas
1516 5548 1577 5591 csse
1595 5534 1707 5595 videtur.
