<?xml version="1.0" encoding="UTF-8"?>
<!DOCTYPE html PUBLIC "-//W3C//DTD XHTML 1.0 Transitional//EN"
    "http://www.w3.org/TR/xhtml1/DTD/xhtml1-transitional.dtd">
<html xmlns="http://www.w3.org/1999/xhtml" xml:lang="en" lang="en">
 <head>
  <title>
</title>
<meta http-equiv="Content-Type" content="text/html;charset=utf-8" />
  <meta name='ocr-system' content='tesseract 3.04.00' />
  <meta name='ocr-capabilities' content='ocr_page ocr_carea ocr_par ocr_line ocrx_word'/>
</head>
<body>
  <div class='ocr_page' id='page_1' title='image "./urbsetacademiam01caesgoog_0052.png"; bbox 0 0 5409 7267; ppageno 0'>
   <div class='ocr_carea' id='block_1_1' title="bbox 1132 1152 1568 1340">
    <p class='ocr_par' dir='ltr' id='par_1_1' title="bbox 1132 1152 1568 1340">
     <span class='ocr_line' id='line_1_1' title="bbox 1132 1152 1568 1220; baseline 0 -2"><span class='ocrx_word' id='word_1_1' title='bbox 1132 1152 1321 1220; x_wconf 82' lang='lat' dir='ltr'>Iohannes</span> <span class='ocrx_word' id='word_1_2' title='bbox 1356 1154 1568 1220; x_wconf 91' lang='lat' dir='ltr'>Moltherus</span> 
     </span>
     <span class='ocr_line' id='line_1_2' title="bbox 1300 1284 1404 1340; baseline 0 -1"><span class='ocrx_word' id='word_1_3' title='bbox 1300 1284 1404 1340; x_wconf 82' lang='lat' dir='ltr'>Senior.</span> 
     </span>
    </p>
   </div>
   <div class='ocr_carea' id='block_1_2' title="bbox 418 1447 2238 4016">
    <p class='ocr_par' dir='ltr' id='par_1_2' title="bbox 418 1447 2238 4016">
     <span class='ocr_line' id='line_1_3' title="bbox 603 1447 2227 1533; baseline -0.002 -16"><span class='ocrx_word' id='word_1_4' title='bbox 603 1452 706 1517; x_wconf 90' lang='lat' dir='ltr'>Natus</span> <span class='ocrx_word' id='word_1_5' title='bbox 735 1455 784 1516; x_wconf 92' lang='lat' dir='ltr'>est</span> <span class='ocrx_word' id='word_1_6' title='bbox 811 1450 844 1515; x_wconf 92' lang='lat' dir='ltr'>in</span> <span class='ocrx_word' id='word_1_7' title='bbox 864 1449 999 1516; x_wconf 90' lang='lat' dir='ltr'>Hassiae</span> <span class='ocrx_word' id='word_1_8' title='bbox 1027 1448 1140 1531; x_wconf 92' lang='lat' dir='ltr'>oppido</span> <span class='ocrx_word' id='word_1_9' title='bbox 1167 1450 1361 1533; x_wconf 87' lang='lat' dir='ltr'>Batteberga</span> <span class='ocrx_word' id='word_1_10' title='bbox 1389 1450 1432 1516; x_wconf 90' lang='lat' dir='ltr'>ad</span> <span class='ocrx_word' id='word_1_11' title='bbox 1460 1448 1639 1533; x_wconf 85' lang='lat' dir='ltr'>Ederam¹)</span> <span class='ocrx_word' id='word_1_12' title='bbox 1669 1449 1731 1514; x_wconf 92' lang='lat' dir='ltr'>sito</span> <span class='ocrx_word' id='word_1_13' title='bbox 1761 1448 1830 1531; x_wconf 88' lang='lat' dir='ltr'>ipsa</span> <span class='ocrx_word' id='word_1_14' title='bbox 1859 1448 2036 1513; x_wconf 88' lang='lat' dir='ltr'>Palmamm</span> <span class='ocrx_word' id='word_1_15' title='bbox 2063 1447 2227 1514; x_wconf 89' lang='lat' dir='ltr'>Dominica</span> 
     </span>
     <span class='ocr_line' id='line_1_4' title="bbox 479 1548 2227 1633; baseline -0.003 -15"><span class='ocrx_word' id='word_1_16' title='bbox 479 1569 562 1618; x_wconf 90' lang='lat' dir='ltr'>anno</span> <span class='ocrx_word' id='word_1_17' title='bbox 574 1550 719 1633; x_wconf 89' lang='lat' dir='ltr'>Epochae</span> <span class='ocrx_word' id='word_1_18' title='bbox 737 1553 866 1615; x_wconf 90' lang='lat' dir='ltr'>nostrae</span> <span class='ocrx_word' id='word_1_19' title='bbox 879 1549 1026 1615; x_wconf 90' lang='lat' dir='ltr'>MDLXI.</span> <span class='ocrx_word' id='word_1_20' title='bbox 1068 1550 1096 1615; x_wconf 95' lang='lat' dir='ltr'>A</span> <span class='ocrx_word' id='word_1_21' title='bbox 1118 1553 1211 1631; x_wconf 86' lang='lat' dir='ltr'>patre</span> <span class='ocrx_word' id='word_1_22' title='bbox 1233 1550 1426 1616; x_wconf 88' lang='lat' dir='ltr'>salutaribus</span> <span class='ocrx_word' id='word_1_23' title='bbox 1447 1550 1526 1615; x_wconf 92' lang='lat' dir='ltr'>bene</span> <span class='ocrx_word' id='word_1_24' title='bbox 1545 1548 1669 1614; x_wconf 91' lang='lat' dir='ltr'>vivendi</span> <span class='ocrx_word' id='word_1_25' title='bbox 1682 1548 1954 1631; x_wconf 78' lang='lat' dir='ltr'>praeceptionibus</span> <span class='ocrx_word' id='word_1_26' title='bbox 1972 1549 2014 1612; x_wconf 90' lang='lat' dir='ltr'>ad</span> <span class='ocrx_word' id='word_1_27' title='bbox 2035 1548 2227 1630; x_wconf 78' lang='lat' dir='ltr'><strong>probitatem</strong></span> 
     </span>
     <span class='ocr_line' id='line_1_5' title="bbox 479 1647 2226 1731; baseline -0.003 -13"><span class='ocrx_word' id='word_1_28' title='bbox 479 1651 666 1720; x_wconf 87' lang='lat' dir='ltr'>informatus</span> <span class='ocrx_word' id='word_1_29' title='bbox 694 1649 790 1715; x_wconf 90' lang='lat' dir='ltr'>etad</span> <span class='ocrx_word' id='word_1_30' title='bbox 822 1648 986 1714; x_wconf 87' lang='lat' dir='ltr'>literarum</span> <span class='ocrx_word' id='word_1_31' title='bbox 1016 1648 1120 1714; x_wconf 90' lang='lat' dir='ltr'>studia</span> <span class='ocrx_word' id='word_1_32' title='bbox 1148 1649 1334 1731; x_wconf 89' lang='lat' dir='ltr'>instigatus,</span> <span class='ocrx_word' id='word_1_33' title='bbox 1366 1649 1424 1715; x_wconf 91' lang='lat' dir='ltr'>sed</span> <span class='ocrx_word' id='word_1_34' title='bbox 1452 1650 1562 1716; x_wconf 91' lang='lat' dir='ltr'>eodem</span> <span class='ocrx_word' id='word_1_35' title='bbox 1590 1649 1674 1713; x_wconf 85' lang='lat' dir='ltr'>iutra</span> <span class='ocrx_word' id='word_1_36' title='bbox 1701 1647 1764 1713; x_wconf 86' lang='lat' dir='ltr'>XII</span> <span class='ocrx_word' id='word_1_37' title='bbox 1794 1647 1910 1713; x_wconf 90' lang='lat' dir='ltr'>aetatis</span> <span class='ocrx_word' id='word_1_38' title='bbox 1940 1665 2055 1713; x_wconf 89' lang='lat' dir='ltr'>annum</span> <span class='ocrx_word' id='word_1_39' title='bbox 2086 1647 2226 1728; x_wconf 91' lang='lat' dir='ltr'>orbatus,</span> 
     </span>
     <span class='ocr_line' id='line_1_6' title="bbox 479 1746 2227 1834; baseline -0.004 -16"><span class='ocrx_word' id='word_1_40' title='bbox 479 1756 594 1834; x_wconf 90' lang='lat' dir='ltr'>suopte</span> <span class='ocrx_word' id='word_1_41' title='bbox 614 1754 701 1815; x_wconf 93' lang='lat' dir='ltr'>motu</span> <span class='ocrx_word' id='word_1_42' title='bbox 729 1754 762 1814; x_wconf 91' lang='lat' dir='ltr'>et</span> <span class='ocrx_word' id='word_1_43' title='bbox 784 1749 888 1814; x_wconf 91' lang='lat' dir='ltr'>indole</span> <span class='ocrx_word' id='word_1_44' title='bbox 909 1767 1114 1830; x_wconf 88' lang='lat' dir='ltr'>magnacum</span> <span class='ocrx_word' id='word_1_45' title='bbox 1135 1749 1250 1829; x_wconf 89' lang='lat' dir='ltr'>ingenii</span> <span class='ocrx_word' id='word_1_46' title='bbox 1271 1750 1537 1832; x_wconf 79' lang='lat' dir='ltr'><strong>promptitudine,</strong></span> <span class='ocrx_word' id='word_1_47' title='bbox 1565 1754 1616 1814; x_wconf 92' lang='lat' dir='ltr'>ast</span> <span class='ocrx_word' id='word_1_48' title='bbox 1635 1746 1752 1813; x_wconf 85' lang='lat' dir='ltr'>difficili</span> <span class='ocrx_word' id='word_1_49' title='bbox 1773 1747 1897 1812; x_wconf 79' lang='lat' dir='ltr'>interim</span> <span class='ocrx_word' id='word_1_50' title='bbox 1919 1748 2047 1812; x_wconf 81' lang='lat' dir='ltr'>tramite</span> <span class='ocrx_word' id='word_1_51' title='bbox 2065 1746 2173 1812; x_wconf 92' lang='lat' dir='ltr'>eadem</span> <span class='ocrx_word' id='word_1_52' title='bbox 2192 1747 2227 1812; x_wconf 92' lang='lat' dir='ltr'>in</span> 
     </span>
     <span class='ocr_line' id='line_1_7' title="bbox 480 1845 2228 1931; baseline -0.003 -15"><span class='ocrx_word' id='word_1_53' title='bbox 480 1850 611 1916; x_wconf 90' lang='lat' dir='ltr'>diversis</span> <span class='ocrx_word' id='word_1_54' title='bbox 631 1847 745 1914; x_wconf 90' lang='lat' dir='ltr'>scholis</span> <span class='ocrx_word' id='word_1_55' title='bbox 764 1852 976 1929; x_wconf 87' lang='lat' dir='ltr'>prosequutus</span> <span class='ocrx_word' id='word_1_56' title='bbox 998 1853 1057 1913; x_wconf 91' lang='lat' dir='ltr'>est.</span> <span class='ocrx_word' id='word_1_57' title='bbox 1100 1848 1206 1914; x_wconf 91' lang='lat' dir='ltr'>Annos</span> <span class='ocrx_word' id='word_1_58' title='bbox 1218 1849 1397 1915; x_wconf 86' lang='lat' dir='ltr'>indonatus</span> <span class='ocrx_word' id='word_1_59' title='bbox 1414 1849 1491 1914; x_wconf 93' lang='lat' dir='ltr'>XIX</span> <span class='ocrx_word' id='word_1_60' title='bbox 1510 1848 1551 1914; x_wconf 92' lang='lat' dir='ltr'>ad</span> <span class='ocrx_word' id='word_1_61' title='bbox 1565 1848 1660 1931; x_wconf 90' lang='lat' dir='ltr'>patrii</span> <span class='ocrx_word' id='word_1_62' title='bbox 1676 1847 1740 1912; x_wconf 93' lang='lat' dir='ltr'>ludi</span> <span class='ocrx_word' id='word_1_63' title='bbox 1756 1846 2003 1912; x_wconf 83' lang='lat' dir='ltr'>moderationem</span> <span class='ocrx_word' id='word_1_64' title='bbox 2017 1864 2035 1911; x_wconf 92' lang='lat' dir='ltr'>e</span> <span class='ocrx_word' id='word_1_65' title='bbox 2049 1845 2228 1912; x_wconf 88' lang='lat' dir='ltr'>studiomm</span> 
     </span>
     <span class='ocr_line' id='line_1_8' title="bbox 481 1943 2226 2031; baseline -0.003 -15"><span class='ocrx_word' id='word_1_66' title='bbox 481 1966 575 2015; x_wconf 88' lang='lat' dir='ltr'>cursu</span> <span class='ocrx_word' id='word_1_67' title='bbox 611 1945 672 2013; x_wconf 90' lang='lat' dir='ltr'>fuit</span> <span class='ocrx_word' id='word_1_68' title='bbox 705 1948 876 2012; x_wconf 89' lang='lat' dir='ltr'>accersitus</span> <span class='ocrx_word' id='word_1_69' title='bbox 912 1965 1043 2028; x_wconf 91' lang='lat' dir='ltr'>eamque</span> <span class='ocrx_word' id='word_1_70' title='bbox 1079 1947 1267 2013; x_wconf 82' lang='lat' dir='ltr'>hunctionem</span> <span class='ocrx_word' id='word_1_71' title='bbox 1301 1949 1433 2031; x_wconf 88' lang='lat' dir='ltr'>primam</span> <span class='ocrx_word' id='word_1_72' title='bbox 1461 1948 1530 2031; x_wconf 91' lang='lat' dir='ltr'>ipso</span> <span class='ocrx_word' id='word_1_73' title='bbox 1557 1947 1736 2013; x_wconf 88' lang='lat' dir='ltr'>Palmamm</span> <span class='ocrx_word' id='word_1_74' title='bbox 1766 1945 1816 2011; x_wconf 91' lang='lat' dir='ltr'>die</span> <span class='ocrx_word' id='word_1_75' title='bbox 1850 1964 1932 2011; x_wconf 90' lang='lat' dir='ltr'>anno</span> <span class='ocrx_word' id='word_1_76' title='bbox 1960 1943 2110 2011; x_wconf 85' lang='lat' dir='ltr'>MDXXC</span> <span class='ocrx_word' id='word_1_77' title='bbox 2137 1945 2226 2011; x_wconf 87' lang='lat' dir='ltr'>adiit.</span> 
     </span>
     <span class='ocr_line' id='line_1_9' title="bbox 481 2045 2230 2130; baseline -0.001 -17"><span class='ocrx_word' id='word_1_78' title='bbox 481 2047 587 2127; x_wconf 82' lang='lat' dir='ltr'>Quum</span> <span class='ocrx_word' id='word_1_79' title='bbox 613 2064 688 2113; x_wconf 92' lang='lat' dir='ltr'>vero</span> <span class='ocrx_word' id='word_1_80' title='bbox 721 2050 797 2128; x_wconf 90' lang='lat' dir='ltr'>post</span> <span class='ocrx_word' id='word_1_81' title='bbox 823 2045 981 2111; x_wconf 88' lang='lat' dir='ltr'>biennium</span> <span class='ocrx_word' id='word_1_82' title='bbox 1003 2046 1145 2112; x_wconf 88' lang='lat' dir='ltr'>taederet</span> <span class='ocrx_word' id='word_1_83' title='bbox 1156 2048 1186 2129; x_wconf 83' lang='lat'>²)</span> <span class='ocrx_word' id='word_1_84' title='bbox 1214 2047 1365 2130; x_wconf 86' lang='lat' dir='ltr'>ejusmodi</span> <span class='ocrx_word' id='word_1_85' title='bbox 1392 2049 1569 2114; x_wconf 89' lang='lat' dir='ltr'>studiorum</span> <span class='ocrx_word' id='word_1_86' title='bbox 1591 2045 1819 2130; x_wconf 84' lang='lat' dir='ltr'>impedimenti,</span> <span class='ocrx_word' id='word_1_87' title='bbox 1841 2050 1955 2127; x_wconf 88' lang='lat' dir='ltr'>sponte</span> <span class='ocrx_word' id='word_1_88' title='bbox 1974 2045 2165 2126; x_wconf 78' lang='lat' dir='ltr'>resignavit,</span> <span class='ocrx_word' id='word_1_89' title='bbox 2195 2048 2230 2111; x_wconf 88' lang='lat' dir='ltr'>et</span> 
     </span>
     <span class='ocr_line' id='line_1_10' title="bbox 481 2144 2229 2230; baseline -0.001 -18"><span class='ocrx_word' id='word_1_90' title='bbox 481 2145 625 2230; x_wconf 87' lang='lat' dir='ltr'>quamvis</span> <span class='ocrx_word' id='word_1_91' title='bbox 647 2144 733 2211; x_wconf 86' lang='lat' dir='ltr'>aliud</span> <span class='ocrx_word' id='word_1_92' title='bbox 753 2145 858 2210; x_wconf 89' lang='lat' dir='ltr'>aalmo</span> <span class='ocrx_word' id='word_1_93' title='bbox 884 2145 1036 2227; x_wconf 81' lang='lat' dir='ltr'>agitaret,</span> <span class='ocrx_word' id='word_1_94' title='bbox 1065 2146 1161 2212; x_wconf 89' lang='lat' dir='ltr'>illicet</span> <span class='ocrx_word' id='word_1_95' title='bbox 1187 2164 1286 2214; x_wconf 89' lang='lat' dir='ltr'>suasu</span> <span class='ocrx_word' id='word_1_96' title='bbox 1314 2148 1461 2213; x_wconf 90' lang='lat' dir='ltr'>avunculi</span> <span class='ocrx_word' id='word_1_97' title='bbox 1481 2147 1611 2229; x_wconf 85' lang='lat' dir='ltr'>Georgii</span> <span class='ocrx_word' id='word_1_98' title='bbox 1631 2146 1753 2227; x_wconf 89' lang='lat' dir='ltr'>Nigrini</span> <span class='ocrx_word' id='word_1_99' title='bbox 1773 2144 1953 2211; x_wconf 87' lang='lat' dir='ltr'>Echzellani</span> <span class='ocrx_word' id='word_1_100' title='bbox 1974 2144 2173 2212; x_wconf 84' lang='lat' dir='ltr'>Ecclesiastis</span> <span class='ocrx_word' id='word_1_101' title='bbox 2194 2148 2229 2211; x_wconf 88' lang='lat' dir='ltr'>et</span> 
     </span>
     <span class='ocr_line' id='line_1_11' title="bbox 482 2243 2228 2336; baseline -0.002 -23"><span class='ocrx_word' id='word_1_102' title='bbox 482 2244 776 2336; x_wconf 85' lang='lat' dir='ltr'>Superintendentis</span> <span class='ocrx_word' id='word_1_103' title='bbox 799 2243 1018 2327; x_wconf 90' lang='lat' dir='ltr'>Gmnbergam</span> <span class='ocrx_word' id='word_1_104' title='bbox 1039 2245 1211 2312; x_wconf 90' lang='lat' dir='ltr'>Hessorum</span> <span class='ocrx_word' id='word_1_105' title='bbox 1239 2246 1280 2312; x_wconf 90' lang='lat' dir='ltr'>ad</span> <span class='ocrx_word' id='word_1_106' title='bbox 1300 2248 1449 2330; x_wconf 83' lang='lat' dir='ltr'>oppidani</span> <span class='ocrx_word' id='word_1_107' title='bbox 1469 2248 1536 2312; x_wconf 93' lang='lat' dir='ltr'>ludi</span> <span class='ocrx_word' id='word_1_108' title='bbox 1557 2246 1815 2329; x_wconf 83' lang='lat' dir='ltr'>gubernationem</span> <span class='ocrx_word' id='word_1_109' title='bbox 1835 2243 1959 2311; x_wconf 88' lang='lat' dir='ltr'>retrahi</span> <span class='ocrx_word' id='word_1_110' title='bbox 1978 2263 2013 2311; x_wconf 91' lang='lat' dir='ltr'>se</span> <span class='ocrx_word' id='word_1_111' title='bbox 2034 2261 2147 2326; x_wconf 87' lang='lat' dir='ltr'>passus</span> <span class='ocrx_word' id='word_1_112' title='bbox 2167 2247 2228 2311; x_wconf 89' lang='lat' dir='ltr'>est.</span> 
     </span>
     <span class='ocr_line' id='line_1_12' title="bbox 480 2343 2230 2429; baseline -0.001 -17"><span class='ocrx_word' id='word_1_113' title='bbox 480 2345 520 2412; x_wconf 93' lang='lat' dir='ltr'>in</span> <span class='ocrx_word' id='word_1_114' title='bbox 542 2363 604 2428; x_wconf 91' lang='lat' dir='ltr'>quo</span> <span class='ocrx_word' id='word_1_115' title='bbox 627 2343 754 2427; x_wconf 73' lang='lat' dir='ltr'>pidvere</span> <span class='ocrx_word' id='word_1_116' title='bbox 775 2344 960 2411; x_wconf 88' lang='lat' dir='ltr'>scholastico</span> <span class='ocrx_word' id='word_1_117' title='bbox 982 2351 1150 2427; x_wconf 83' lang='lat' dir='ltr'>postquam</span> <span class='ocrx_word' id='word_1_118' title='bbox 1172 2346 1282 2411; x_wconf 90' lang='lat' dir='ltr'>itidem</span> <span class='ocrx_word' id='word_1_119' title='bbox 1303 2364 1497 2429; x_wconf 91' lang='lat' dir='ltr'>perannum</span> <span class='ocrx_word' id='word_1_120' title='bbox 1517 2352 1552 2413; x_wconf 93' lang='lat' dir='ltr'>et</span> <span class='ocrx_word' id='word_1_121' title='bbox 1571 2347 1734 2428; x_wconf 87' lang='lat' dir='ltr'>aliquanto</span> <span class='ocrx_word' id='word_1_122' title='bbox 1750 2346 1883 2428; x_wconf 88' lang='lat' dir='ltr'>amplius</span> <span class='ocrx_word' id='word_1_123' title='bbox 1898 2345 2054 2417; x_wconf 82' lang='lat' dir='ltr'>sudasset,</span> <span class='ocrx_word' id='word_1_124' title='bbox 2076 2343 2230 2425; x_wconf 89' lang='lat' dir='ltr'>simulque</span> 
     </span>
     <span class='ocr_line' id='line_1_13' title="bbox 482 2443 2230 2527; baseline -0.002 -15"><span class='ocrx_word' id='word_1_125' title='bbox 482 2446 522 2512; x_wconf 93' lang='lat' dir='ltr'>ob</span> <span class='ocrx_word' id='word_1_126' title='bbox 549 2443 752 2510; x_wconf 89' lang='lat' dir='ltr'>emditionem</span> <span class='ocrx_word' id='word_1_127' title='bbox 781 2445 902 2527; x_wconf 91' lang='lat' dir='ltr'>pariter</span> <span class='ocrx_word' id='word_1_128' title='bbox 930 2445 1075 2526; x_wconf 89' lang='lat' dir='ltr'>vitaeque</span> <span class='ocrx_word' id='word_1_129' title='bbox 1101 2446 1312 2512; x_wconf 87' lang='lat' dir='ltr'>innocentiam</span> <span class='ocrx_word' id='word_1_130' title='bbox 1338 2452 1372 2512; x_wconf 91' lang='lat' dir='ltr'>et</span> <span class='ocrx_word' id='word_1_131' title='bbox 1399 2447 1544 2512; x_wconf 81' lang='lat' dir='ltr'>eximium</span> <span class='ocrx_word' id='word_1_132' title='bbox 1571 2445 1777 2512; x_wconf 86' lang='lat' dir='ltr'>concionandi</span> <span class='ocrx_word' id='word_1_133' title='bbox 1805 2446 1921 2512; x_wconf 92' lang='lat' dir='ltr'>donum</span> <span class='ocrx_word' id='word_1_134' title='bbox 1952 2444 2105 2527; x_wconf 89' lang='lat' dir='ltr'>paulatim</span> <span class='ocrx_word' id='word_1_135' title='bbox 2128 2444 2230 2525; x_wconf 89' lang='lat' dir='ltr'>magis</span> 
     </span>
     <span class='ocr_line' id='line_1_14' title="bbox 482 2543 2231 2628; baseline -0.001 -19"><span class='ocrx_word' id='word_1_136' title='bbox 482 2545 647 2628; x_wconf 84' lang='lat' dir='ltr'>magisque</span> <span class='ocrx_word' id='word_1_137' title='bbox 667 2544 893 2626; x_wconf 81' lang='lat' dir='ltr'>innotesceret,</span> <span class='ocrx_word' id='word_1_138' title='bbox 922 2545 1087 2610; x_wconf 89' lang='lat' dir='ltr'>vocatione</span> <span class='ocrx_word' id='word_1_139' title='bbox 1108 2552 1142 2610; x_wconf 93' lang='lat' dir='ltr'>et</span> <span class='ocrx_word' id='word_1_140' title='bbox 1158 2546 1250 2627; x_wconf 90' lang='lat' dir='ltr'>jussu</span> <span class='ocrx_word' id='word_1_141' title='bbox 1272 2545 1424 2613; x_wconf 86' lang='lat' dir='ltr'>Ludovici</span> <span class='ocrx_word' id='word_1_142' title='bbox 1446 2546 1582 2612; x_wconf 86' lang='lat' dir='ltr'>Senioris</span> <span class='ocrx_word' id='word_1_143' title='bbox 1604 2545 1758 2626; x_wconf 86' lang='lat' dir='ltr'>Principis</span> <span class='ocrx_word' id='word_1_144' title='bbox 1778 2545 1820 2610; x_wconf 90' lang='lat' dir='ltr'>ad</span> <span class='ocrx_word' id='word_1_145' title='bbox 1849 2545 1991 2625; x_wconf 90' lang='lat' dir='ltr'>ejusdem</span> <span class='ocrx_word' id='word_1_146' title='bbox 2011 2544 2117 2625; x_wconf 86' lang='lat' dir='ltr'>oppidi</span> <span class='ocrx_word' id='word_1_147' title='bbox 2140 2543 2231 2608; x_wconf 94' lang='lat' dir='ltr'>mini·</span> 
     </span>
     <span class='ocr_line' id='line_1_15' title="bbox 483 2643 2231 2726; baseline -0.002 -15"><span class='ocrx_word' id='word_1_148' title='bbox 483 2645 615 2711; x_wconf 89' lang='lat' dir='ltr'>sterium</span> <span class='ocrx_word' id='word_1_149' title='bbox 635 2643 875 2710; x_wconf 89' lang='lat' dir='ltr'>ecclesiasticum</span> <span class='ocrx_word' id='word_1_150' title='bbox 896 2649 1064 2725; x_wconf 91' lang='lat' dir='ltr'>provectus</span> <span class='ocrx_word' id='word_1_151' title='bbox 1085 2651 1143 2725; x_wconf 91' lang='lat' dir='ltr'>est,</span> <span class='ocrx_word' id='word_1_152' title='bbox 1163 2651 1196 2710; x_wconf 91' lang='lat' dir='ltr'>et</span> <span class='ocrx_word' id='word_1_153' title='bbox 1219 2644 1261 2710; x_wconf 92' lang='lat' dir='ltr'>ad</span> <span class='ocrx_word' id='word_1_154' title='bbox 1281 2646 1481 2711; x_wconf 90' lang='lat' dir='ltr'>diaconatum</span> <span class='ocrx_word' id='word_1_155' title='bbox 1503 2645 1627 2726; x_wconf 91' lang='lat' dir='ltr'>quidem</span> <span class='ocrx_word' id='word_1_156' title='bbox 1650 2663 1732 2709; x_wconf 88' lang='lat' dir='ltr'>anno</span> <span class='ocrx_word' id='word_1_157' title='bbox 1752 2644 1959 2724; x_wconf 85' lang='lat' dir='ltr'>MDXXCIll,</span> <span class='ocrx_word' id='word_1_158' title='bbox 1978 2643 2021 2708; x_wconf 91' lang='lat' dir='ltr'>ad</span> <span class='ocrx_word' id='word_1_159' title='bbox 2038 2643 2231 2725; x_wconf 89' lang='lat' dir='ltr'>superiorem</span> 
     </span>
     <span class='ocr_line' id='line_1_16' title="bbox 484 2742 2231 2826; baseline -0.002 -15"><span class='ocrx_word' id='word_1_160' title='bbox 484 2749 591 2811; x_wconf 87' lang='lat' dir='ltr'>autem</span> <span class='ocrx_word' id='word_1_161' title='bbox 617 2743 718 2809; x_wconf 90' lang='lat' dir='ltr'>locum</span> <span class='ocrx_word' id='word_1_162' title='bbox 746 2761 828 2807; x_wconf 89' lang='lat' dir='ltr'>anno</span> <span class='ocrx_word' id='word_1_163' title='bbox 854 2742 1040 2809; x_wconf 79' lang='lat' dir='ltr'>DXXGVII.</span> <span class='ocrx_word' id='word_1_164' title='bbox 1096 2744 1223 2809; x_wconf 87' lang='lat' dir='ltr'>Interea</span> <span class='ocrx_word' id='word_1_165' title='bbox 1252 2745 1402 2826; x_wconf 88' lang='lat' dir='ltr'>temporis</span> <span class='ocrx_word' id='word_1_166' title='bbox 1432 2746 1564 2810; x_wconf 88' lang='lat' dir='ltr'>cacteris</span> <span class='ocrx_word' id='word_1_167' title='bbox 1592 2744 1703 2809; x_wconf 90' lang='lat' dir='ltr'>studiis</span> <span class='ocrx_word' id='word_1_168' title='bbox 1733 2742 1910 2809; x_wconf 81' lang='lat' dir='ltr'>Hebraeum</span> <span class='ocrx_word' id='word_1_169' title='bbox 1939 2760 2063 2823; x_wconf 86' lang='lat' dir='ltr'>qnoque</span> <span class='ocrx_word' id='word_1_170' title='bbox 2089 2742 2231 2823; x_wconf 89' lang='lat' dir='ltr'>linguam</span> 
     </span>
     <span class='ocr_line' id='line_1_17' title="bbox 484 2840 2232 2926; baseline -0.002 -17"><span class='ocrx_word' id='word_1_171' title='bbox 484 2842 619 2909; x_wconf 85' lang='lat' dir='ltr'>excoluit</span> <span class='ocrx_word' id='word_1_172' title='bbox 646 2842 778 2909; x_wconf 81' lang='lat' dir='ltr'>ulterius</span> <span class='ocrx_word' id='word_1_173' title='bbox 806 2860 906 2923; x_wconf 88' lang='lat' dir='ltr'>eoque</span> <span class='ocrx_word' id='word_1_174' title='bbox 936 2842 1002 2923; x_wconf 79' lang='lat' dir='ltr'>eius</span> <span class='ocrx_word' id='word_1_175' title='bbox 1031 2842 1178 2907; x_wconf 91' lang='lat' dir='ltr'>notitiam</span> <span class='ocrx_word' id='word_1_176' title='bbox 1206 2844 1372 2926; x_wconf 85' lang='lat' dir='ltr'>perduxit,</span> <span class='ocrx_word' id='word_1_177' title='bbox 1409 2849 1447 2910; x_wconf 91' lang='lat' dir='ltr'>ut</span> <span class='ocrx_word' id='word_1_178' title='bbox 1483 2862 1567 2909; x_wconf 92' lang='lat' dir='ltr'>anno</span> <span class='ocrx_word' id='word_1_179' title='bbox 1595 2843 1760 2909; x_wconf 86' lang='lat' dir='ltr'>MDXCIV</span> <span class='ocrx_word' id='word_1_180' title='bbox 1788 2843 1829 2908; x_wconf 94' lang='lat' dir='ltr'>ad</span> <span class='ocrx_word' id='word_1_181' title='bbox 1864 2843 1995 2909; x_wconf 89' lang='lat' dir='ltr'>eandem</span> <span class='ocrx_word' id='word_1_182' title='bbox 2022 2840 2232 2924; x_wconf 87' lang='lat' dir='ltr'>profitendam</span> 
     </span>
     <span class='ocr_line' id='line_1_18' title="bbox 485 2941 2232 3026; baseline -0.003 -16"><span class='ocrx_word' id='word_1_183' title='bbox 485 2942 656 3010; x_wconf 89' lang='lat' dir='ltr'>accersitus</span> <span class='ocrx_word' id='word_1_184' title='bbox 677 2942 710 3006; x_wconf 92' lang='lat' dir='ltr'>in</span> <span class='ocrx_word' id='word_1_185' title='bbox 730 2941 987 3023; x_wconf 89' lang='lat' dir='ltr'>Marpurgensem</span> <span class='ocrx_word' id='word_1_186' title='bbox 1009 2942 1190 3023; x_wconf 86' lang='lat' dir='ltr'>migraverit</span> <span class='ocrx_word' id='word_1_187' title='bbox 1208 2943 1418 3009; x_wconf 89' lang='lat' dir='ltr'>Academiam.</span> <span class='ocrx_word' id='word_1_188' title='bbox 1460 2943 1679 3024; x_wconf 85' lang='lat' dir='ltr'>Quinquennio</span> <span class='ocrx_word' id='word_1_189' title='bbox 1701 2961 1775 3008; x_wconf 90' lang='lat' dir='ltr'>vero</span> <span class='ocrx_word' id='word_1_190' title='bbox 1797 2943 1963 3026; x_wconf 89' lang='lat' dir='ltr'>Marpurgi</span> <span class='ocrx_word' id='word_1_191' title='bbox 1983 2947 2111 3023; x_wconf 84' lang='lat' dir='ltr'>exacto,</span> <span class='ocrx_word' id='word_1_192' title='bbox 2137 2956 2232 3022; x_wconf 92' lang='lat' dir='ltr'>quum</span> 
     </span>
     <span class='ocr_line' id='line_1_19' title="bbox 485 3038 2233 3125; baseline -0.003 -17"><span class='ocrx_word' id='word_1_193' title='bbox 485 3059 640 3108; x_wconf 92' lang='lat' dir='ltr'>summum</span> <span class='ocrx_word' id='word_1_194' title='bbox 669 3042 857 3106; x_wconf 83' lang='lat' dir='ltr'>Academiae</span> <span class='ocrx_word' id='word_1_195' title='bbox 892 3042 1114 3122; x_wconf 87' lang='lat' dir='ltr'>magistratum</span> <span class='ocrx_word' id='word_1_196' title='bbox 1142 3043 1260 3124; x_wconf 87' lang='lat' dir='ltr'>obiret,</span> <span class='ocrx_word' id='word_1_197' title='bbox 1287 3049 1404 3123; x_wconf 92' lang='lat' dir='ltr'>agnato</span> <span class='ocrx_word' id='word_1_198' title='bbox 1430 3049 1463 3107; x_wconf 91' lang='lat' dir='ltr'>et</span> <span class='ocrx_word' id='word_1_199' title='bbox 1491 3042 1658 3125; x_wconf 90' lang='lat' dir='ltr'>discipulo,</span> <span class='ocrx_word' id='word_1_200' title='bbox 1696 3043 1760 3107; x_wconf 89' lang='lat' dir='ltr'>viro</span> <span class='ocrx_word' id='word_1_201' title='bbox 1787 3060 1937 3124; x_wconf 89' lang='lat' dir='ltr'>perquam</span> <span class='ocrx_word' id='word_1_202' title='bbox 1963 3042 2089 3107; x_wconf 89' lang='lat' dir='ltr'>emdito</span> <span class='ocrx_word' id='word_1_203' title='bbox 2118 3045 2151 3105; x_wconf 88' lang='lat' dir='ltr'>et</span> <span class='ocrx_word' id='word_1_204' title='bbox 2181 3038 2233 3121; x_wconf 89' lang='lat' dir='ltr'>pio</span> 
     </span>
     <span class='ocr_line' id='line_1_20' title="bbox 488 3138 2235 3222; baseline -0.002 -16"><span class='ocrx_word' id='word_1_205' title='bbox 488 3141 530 3206; x_wconf 93' lang='lat' dir='ltr'>M.</span> <span class='ocrx_word' id='word_1_206' title='bbox 551 3140 672 3207; x_wconf 74' lang='lat' dir='ltr'>Ioanne</span> <span class='ocrx_word' id='word_1_207' title='bbox 694 3140 830 3207; x_wconf 86' lang='lat' dir='ltr'>Schollio</span> <span class='ocrx_word' id='word_1_208' title='bbox 848 3140 1051 3222; x_wconf 85' lang='lat' dir='ltr'>professionis</span> <span class='ocrx_word' id='word_1_209' title='bbox 1069 3141 1234 3209; x_wconf 88' lang='lat' dir='ltr'>Hebraeae</span> <span class='ocrx_word' id='word_1_210' title='bbox 1255 3142 1506 3207; x_wconf 84' lang='lat' dir='ltr'>extraordinario</span> <span class='ocrx_word' id='word_1_211' title='bbox 1527 3160 1704 3207; x_wconf 85' lang='lat' dir='ltr'>successore</span> <span class='ocrx_word' id='word_1_212' title='bbox 1724 3142 1817 3222; x_wconf 86' lang='lat' dir='ltr'>iacto,</span> <span class='ocrx_word' id='word_1_213' title='bbox 1840 3141 1999 3207; x_wconf 88' lang='lat' dir='ltr'>Ecclesiae</span> <span class='ocrx_word' id='word_1_214' title='bbox 2013 3138 2235 3220; x_wconf 88' lang='lat' dir='ltr'>Fridbergensi</span> 
     </span>
     <span class='ocr_line' id='line_1_21' title="bbox 487 3238 2235 3324; baseline 0.001 -20"><span class='ocrx_word' id='word_1_215' title='bbox 487 3240 751 3306; x_wconf 88' lang='lat' dir='ltr'>Wetteraviorum</span> <span class='ocrx_word' id='word_1_216' title='bbox 779 3258 868 3305; x_wconf 91' lang='lat' dir='ltr'>suam</span> <span class='ocrx_word' id='word_1_217' title='bbox 898 3240 1018 3306; x_wconf 82' lang='lat' dir='ltr'>addixit</span> <span class='ocrx_word' id='word_1_218' title='bbox 1046 3259 1190 3324; x_wconf 89' lang='lat' dir='ltr'>operam,</span> <span class='ocrx_word' id='word_1_219' title='bbox 1227 3261 1308 3308; x_wconf 93' lang='lat' dir='ltr'>anno</span> <span class='ocrx_word' id='word_1_220' title='bbox 1337 3242 1490 3323; x_wconf 92' lang='lat' dir='ltr'>superiori</span> <span class='ocrx_word' id='word_1_221' title='bbox 1501 3243 1531 3324; x_wconf 80' lang='lat'>⁸)</span> <span class='ocrx_word' id='word_1_222' title='bbox 1559 3241 1708 3307; x_wconf 89' lang='lat' dir='ltr'>MDXCV</span> <span class='ocrx_word' id='word_1_223' title='bbox 1735 3242 1874 3322; x_wconf 83' lang='lat' dir='ltr'>Augusti</span> <span class='ocrx_word' id='word_1_224' title='bbox 1902 3242 1976 3307; x_wconf 91' lang='lat' dir='ltr'>XIV</span> <span class='ocrx_word' id='word_1_225' title='bbox 2004 3240 2044 3305; x_wconf 91' lang='lat' dir='ltr'>ab</span> <span class='ocrx_word' id='word_1_226' title='bbox 2072 3238 2235 3305; x_wconf 88' lang='lat' dir='ltr'>Arculario</span> 
     </span>
     <span class='ocr_line' id='line_1_22' title="bbox 418 3335 2235 3421; baseline -0.003 -15"><span class='ocrx_word' id='word_1_227' title='bbox 418 3346 424 3355; x_wconf 88' lang='lat'>&#39;</span> <span class='ocrx_word' id='word_1_228' title='bbox 488 3339 543 3407; x_wconf 82' lang='lat' dir='ltr'>SS.</span> <span class='ocrx_word' id='word_1_229' title='bbox 566 3340 754 3421; x_wconf 86' lang='lat' dir='ltr'>Theologiae</span> <span class='ocrx_word' id='word_1_230' title='bbox 780 3340 898 3405; x_wconf 88' lang='lat' dir='ltr'>Ductor</span> <span class='ocrx_word' id='word_1_231' title='bbox 927 3346 1061 3405; x_wconf 90' lang='lat' dir='ltr'>creatus.</span> <span class='ocrx_word' id='word_1_232' title='bbox 1110 3342 1333 3421; x_wconf 85' lang='lat' dir='ltr'>Pridebergam</span> <span class='ocrx_word' id='word_1_233' title='bbox 1353 3340 1451 3421; x_wconf 89' lang='lat' dir='ltr'>igitur</span> <span class='ocrx_word' id='word_1_234' title='bbox 1478 3342 1633 3407; x_wconf 88' lang='lat' dir='ltr'>concessit</span> <span class='ocrx_word' id='word_1_235' title='bbox 1659 3358 1742 3405; x_wconf 91' lang='lat' dir='ltr'>anno</span> <span class='ocrx_word' id='word_1_236' title='bbox 1769 3341 1900 3406; x_wconf 86' lang='lat' dir='ltr'>DXCIX</span> <span class='ocrx_word' id='word_1_237' title='bbox 1929 3357 2037 3404; x_wconf 88' lang='lat' dir='ltr'>mense</span> <span class='ocrx_word' id='word_1_238' title='bbox 2065 3335 2235 3406; x_wconf 86' lang='lat' dir='ltr'>Novembri</span> 
     </span>
     <span class='ocr_line' id='line_1_23' title="bbox 488 3435 2235 3520; baseline -0.001 -16"><span class='ocrx_word' id='word_1_239' title='bbox 488 3439 665 3520; x_wconf 90' lang='lat' dir='ltr'>ibidemque</span> <span class='ocrx_word' id='word_1_240' title='bbox 687 3440 867 3504; x_wconf 82' lang='lat' dir='ltr'>sexenuium</span> <span class='ocrx_word' id='word_1_241' title='bbox 888 3438 1049 3503; x_wconf 87' lang='lat' dir='ltr'>Ecclesiae</span> <span class='ocrx_word' id='word_1_242' title='bbox 1069 3445 1228 3519; x_wconf 89' lang='lat' dir='ltr'>pastorem</span> <span class='ocrx_word' id='word_1_243' title='bbox 1250 3439 1316 3519; x_wconf 88' lang='lat' dir='ltr'>egit</span> <span class='ocrx_word' id='word_1_244' title='bbox 1336 3437 1562 3518; x_wconf 89' lang='lat' dir='ltr'>fidelissimum,</span> <span class='ocrx_word' id='word_1_245' title='bbox 1585 3439 1682 3503; x_wconf 90' lang='lat' dir='ltr'>donec</span> <span class='ocrx_word' id='word_1_246' title='bbox 1703 3439 1742 3503; x_wconf 89' lang='lat' dir='ltr'>ab</span> <span class='ocrx_word' id='word_1_247' title='bbox 1764 3439 1900 3504; x_wconf 88' lang='lat' dir='ltr'>Hassiae</span> <span class='ocrx_word' id='word_1_248' title='bbox 1920 3438 2064 3518; x_wconf 86' lang='lat' dir='ltr'>Principe</span> <span class='ocrx_word' id='word_1_249' title='bbox 2083 3435 2235 3503; x_wconf 88' lang='lat' dir='ltr'>Mauritio</span> 
     </span>
     <span class='ocr_line' id='line_1_24' title="bbox 488 3534 2234 3617; baseline -0.002 -14"><span class='ocrx_word' id='word_1_250' title='bbox 488 3555 570 3604; x_wconf 90' lang='lat' dir='ltr'>anuo</span> <span class='ocrx_word' id='word_1_251' title='bbox 596 3538 681 3603; x_wconf 85' lang='lat' dir='ltr'>Dcv</span> <span class='ocrx_word' id='word_1_252' title='bbox 710 3537 812 3601; x_wconf 90' lang='lat' dir='ltr'>denuo</span> <span class='ocrx_word' id='word_1_253' title='bbox 841 3536 1048 3617; x_wconf 86' lang='lat' dir='ltr'>Marpurgum</span> <span class='ocrx_word' id='word_1_254' title='bbox 1074 3538 1209 3617; x_wconf 90' lang='lat' dir='ltr'>accitus,</span> <span class='ocrx_word' id='word_1_255' title='bbox 1238 3536 1373 3603; x_wconf 87' lang='lat' dir='ltr'>Schollio</span> <span class='ocrx_word' id='word_1_256' title='bbox 1399 3534 1584 3600; x_wconf 88' lang='lat' dir='ltr'>Parocbiam</span> <span class='ocrx_word' id='word_1_257' title='bbox 1611 3536 1870 3617; x_wconf 88' lang='lat' dir='ltr'>Fridbergensem</span> <span class='ocrx_word' id='word_1_258' title='bbox 1893 3537 2067 3601; x_wconf 89' lang='lat' dir='ltr'>dimitteret</span> <span class='ocrx_word' id='word_1_259' title='bbox 2088 3541 2121 3600; x_wconf 90' lang='lat' dir='ltr'>et</span> <span class='ocrx_word' id='word_1_260' title='bbox 2148 3539 2234 3617; x_wconf 90' lang='lat' dir='ltr'>post·</span> 
     </span>
     <span class='ocr_line' id='line_1_25' title="bbox 489 3633 2234 3717; baseline -0.003 -14"><span class='ocrx_word' id='word_1_261' title='bbox 489 3637 606 3703; x_wconf 91' lang='lat' dir='ltr'>liminio</span> <span class='ocrx_word' id='word_1_262' title='bbox 629 3652 735 3700; x_wconf 90' lang='lat' dir='ltr'>mense</span> <span class='ocrx_word' id='word_1_263' title='bbox 756 3633 911 3716; x_wconf 87' lang='lat' dir='ltr'>Septemb.</span> <span class='ocrx_word' id='word_1_264' title='bbox 940 3634 982 3700; x_wconf 90' lang='lat' dir='ltr'>ad</span> <span class='ocrx_word' id='word_1_265' title='bbox 1003 3634 1191 3700; x_wconf 89' lang='lat' dir='ltr'>ordinariam</span> <span class='ocrx_word' id='word_1_266' title='bbox 1217 3654 1251 3702; x_wconf 89' lang='lat' dir='ltr'>se</span> <span class='ocrx_word' id='word_1_267' title='bbox 1279 3636 1435 3717; x_wconf 90' lang='lat' dir='ltr'>reciperet</span> <span class='ocrx_word' id='word_1_268' title='bbox 1461 3634 1682 3717; x_wconf 89' lang='lat' dir='ltr'>professionem</span> <span class='ocrx_word' id='word_1_269' title='bbox 1715 3634 2106 3717; x_wconf 86' lang='lat' dir='ltr'>Theologico·Hebraeam,</span> <span class='ocrx_word' id='word_1_270' title='bbox 2134 3639 2234 3714; x_wconf 91' lang='lat' dir='ltr'>atque</span> 
     </span>
     <span class='ocr_line' id='line_1_26' title="bbox 487 3731 2236 3816; baseline -0.003 -14"><span class='ocrx_word' id='word_1_271' title='bbox 487 3753 572 3802; x_wconf 91' lang='lat' dir='ltr'>anno</span> <span class='ocrx_word' id='word_1_272' title='bbox 602 3735 730 3816; x_wconf 92' lang='lat' dir='ltr'>insuper</span> <span class='ocrx_word' id='word_1_273' title='bbox 758 3734 903 3815; x_wconf 91' lang='lat' dir='ltr'>sequenti</span> <span class='ocrx_word' id='word_1_274' title='bbox 924 3752 944 3798; x_wconf 92' lang='lat' dir='ltr'>a</span> <span class='ocrx_word' id='word_1_275' title='bbox 966 3735 1108 3800; x_wconf 88' lang='lat' dir='ltr'>Dominis</span> <span class='ocrx_word' id='word_1_276' title='bbox 1138 3733 1255 3799; x_wconf 87' lang='lat' dir='ltr'>ordinis</span> <span class='ocrx_word' id='word_1_277' title='bbox 1285 3734 1449 3800; x_wconf 89' lang='lat' dir='ltr'>Teutonici</span> <span class='ocrx_word' id='word_1_278' title='bbox 1476 3733 1617 3799; x_wconf 87' lang='lat' dir='ltr'>Ecclesia</span> <span class='ocrx_word' id='word_1_279' title='bbox 1648 3734 1689 3799; x_wconf 92' lang='lat' dir='ltr'>ad</span> <span class='ocrx_word' id='word_1_280' title='bbox 1713 3734 1752 3799; x_wconf 88' lang='lat' dir='ltr'>D.</span> <span class='ocrx_word' id='word_1_281' title='bbox 1774 3734 1989 3800; x_wconf 89' lang='lat' dir='ltr'>Elisabetham</span> <span class='ocrx_word' id='word_1_282' title='bbox 2017 3751 2109 3799; x_wconf 90' lang='lat' dir='ltr'>curae</span> <span class='ocrx_word' id='word_1_283' title='bbox 2138 3731 2236 3814; x_wconf 87' lang='lat' dir='ltr'>ipsius</span> 
     </span>
     <span class='ocr_line' id='line_1_27' title="bbox 489 3831 2238 3915; baseline -0.003 -13"><span class='ocrx_word' id='word_1_284' title='bbox 489 3835 745 3902; x_wconf 86' lang='lat' dir='ltr'>committeretur.</span> <span class='ocrx_word' id='word_1_285' title='bbox 797 3833 874 3899; x_wconf 86' lang='lat' dir='ltr'>Cum</span> <span class='ocrx_word' id='word_1_286' title='bbox 903 3852 976 3898; x_wconf 90' lang='lat' dir='ltr'>vero</span> <span class='ocrx_word' id='word_1_287' title='bbox 1001 3851 1220 3899; x_wconf 91' lang='lat' dir='ltr'>aerumnosum</span> <span class='ocrx_word' id='word_1_288' title='bbox 1247 3831 1338 3915; x_wconf 92' lang='lat' dir='ltr'>hujus</span> <span class='ocrx_word' id='word_1_289' title='bbox 1367 3832 1454 3898; x_wconf 90' lang='lat' dir='ltr'>vitae</span> <span class='ocrx_word' id='word_1_290' title='bbox 1481 3850 1605 3898; x_wconf 89' lang='lat' dir='ltr'>cursum</span> <span class='ocrx_word' id='word_1_291' title='bbox 1625 3832 1830 3914; x_wconf 87' lang='lat' dir='ltr'>absolvisset,</span> <span class='ocrx_word' id='word_1_292' title='bbox 1856 3833 1905 3899; x_wconf 90' lang='lat' dir='ltr'>vir</span> <span class='ocrx_word' id='word_1_293' title='bbox 1925 3834 2035 3915; x_wconf 90' lang='lat' dir='ltr'>utique</span> <span class='ocrx_word' id='word_1_294' title='bbox 2055 3833 2238 3898; x_wconf 88' lang='lat' dir='ltr'>rarissimae</span> 
     </span>
     <span class='ocr_line' id='line_1_28' title="bbox 490 3932 2238 4016; baseline -0.003 -15"><span class='ocrx_word' id='word_1_295' title='bbox 490 3934 687 4014; x_wconf 90' lang='lat' dir='ltr'>eruditionis,</span> <span class='ocrx_word' id='word_1_296' title='bbox 708 3934 741 3998; x_wconf 96' lang='lat' dir='ltr'>in</span> <span class='ocrx_word' id='word_1_297' title='bbox 757 3933 922 4013; x_wconf 91' lang='lat' dir='ltr'>omnigena</span> <span class='ocrx_word' id='word_1_298' title='bbox 935 3933 1101 3998; x_wconf 90' lang='lat' dir='ltr'>literatura</span> <span class='ocrx_word' id='word_1_299' title='bbox 1112 3943 1267 4015; x_wconf 89' lang='lat' dir='ltr'>versatus,</span> <span class='ocrx_word' id='word_1_300' title='bbox 1287 3933 1494 4014; x_wconf 88' lang='lat' dir='ltr'>humanitate,</span> <span class='ocrx_word' id='word_1_301' title='bbox 1513 3933 1648 3998; x_wconf 89' lang='lat' dir='ltr'>candore</span> <span class='ocrx_word' id='word_1_302' title='bbox 1663 3939 1696 3999; x_wconf 92' lang='lat' dir='ltr'>et</span> <span class='ocrx_word' id='word_1_303' title='bbox 1712 3934 1897 4016; x_wconf 88' lang='lat' dir='ltr'>integritate</span> <span class='ocrx_word' id='word_1_304' title='bbox 1911 3933 2072 4015; x_wconf 89' lang='lat' dir='ltr'>singulari,</span> <span class='ocrx_word' id='word_1_305' title='bbox 2094 3932 2238 3997; x_wconf 88' lang='lat' dir='ltr'>laborum</span> 
     </span>
    </p>
   </div>
   <div class='ocr_carea' id='block_1_3' title="bbox 380 4031 2236 4115">
    <p class='ocr_par' dir='ltr' id='par_1_3' title="bbox 380 4031 2236 4115">
     <span class='ocr_line' id='line_1_29' title="bbox 380 4031 2236 4115; baseline -0.002 -16"><span class='ocrx_word' id='word_1_306' title='bbox 380 4041 386 4051; x_wconf 82' lang='lat'>’</span> <span class='ocrx_word' id='word_1_307' title='bbox 490 4036 524 4099; x_wconf 92' lang='lat' dir='ltr'>in</span> <span class='ocrx_word' id='word_1_308' title='bbox 546 4033 660 4099; x_wconf 90' lang='lat' dir='ltr'>studiis</span> <span class='ocrx_word' id='word_1_309' title='bbox 683 4031 825 4098; x_wconf 90' lang='lat' dir='ltr'>obeunda</span> <span class='ocrx_word' id='word_1_310' title='bbox 845 4032 1004 4098; x_wconf 91' lang='lat' dir='ltr'>functione</span> <span class='ocrx_word' id='word_1_311' title='bbox 1025 4033 1280 4115; x_wconf 90' lang='lat' dir='ltr'>patientissimus,</span> <span class='ocrx_word' id='word_1_312' title='bbox 1302 4032 1374 4097; x_wconf 91' lang='lat' dir='ltr'>inde</span> <span class='ocrx_word' id='word_1_313' title='bbox 1396 4050 1436 4097; x_wconf 89' lang='lat' dir='ltr'>ne</span> <span class='ocrx_word' id='word_1_314' title='bbox 1457 4032 1489 4097; x_wconf 93' lang='lat' dir='ltr'>in</span> <span class='ocrx_word' id='word_1_315' title='bbox 1511 4031 1644 4097; x_wconf 89' lang='lat' dir='ltr'>adversa</span> <span class='ocrx_word' id='word_1_316' title='bbox 1669 4032 1793 4114; x_wconf 89' lang='lat' dir='ltr'>quidem</span> <span class='ocrx_word' id='word_1_317' title='bbox 1814 4031 1995 4098; x_wconf 88' lang='lat' dir='ltr'>valetudine</span> <span class='ocrx_word' id='word_1_318' title='bbox 2014 4032 2180 4112; x_wconf 90' lang='lat' dir='ltr'>desistens,</span> <span class='ocrx_word' id='word_1_319' title='bbox 2201 4034 2236 4096; x_wconf 89' lang='lat' dir='ltr'>et</span> 
     </span>
    </p>
   </div>
   <div class='ocr_carea' id='block_1_4' title="bbox 491 4130 2241 5111">
    <p class='ocr_par' dir='ltr' id='par_1_4' title="bbox 491 4130 2241 5111">
     <span class='ocr_line' id='line_1_30' title="bbox 491 4130 2239 4215; baseline -0.003 -16"><span class='ocrx_word' id='word_1_320' title='bbox 491 4139 561 4199; x_wconf 91' lang='lat' dir='ltr'>octo</span> <span class='ocrx_word' id='word_1_321' title='bbox 590 4131 748 4215; x_wconf 89' lang='lat' dir='ltr'>legitimas</span> <span class='ocrx_word' id='word_1_322' title='bbox 775 4131 955 4198; x_wconf 90' lang='lat' dir='ltr'>vocationes</span> <span class='ocrx_word' id='word_1_323' title='bbox 967 4136 997 4215; x_wconf 83' lang='lat'>⁴)</span> <span class='ocrx_word' id='word_1_324' title='bbox 1024 4151 1178 4198; x_wconf 91' lang='lat' dir='ltr'>annorum</span> <span class='ocrx_word' id='word_1_325' title='bbox 1208 4132 1373 4198; x_wconf 85' lang='lat' dir='ltr'>XXXVIII</span> <span class='ocrx_word' id='word_1_326' title='bbox 1400 4132 1505 4214; x_wconf 91' lang='lat' dir='ltr'>spacio</span> <span class='ocrx_word' id='word_1_327' title='bbox 1539 4132 1647 4197; x_wconf 93' lang='lat' dir='ltr'>utilem</span> <span class='ocrx_word' id='word_1_328' title='bbox 1681 4149 1719 4196; x_wconf 85' lang='lat' dir='ltr'>ac</span> <span class='ocrx_word' id='word_1_329' title='bbox 1747 4131 1871 4197; x_wconf 88' lang='lat' dir='ltr'>fidelem</span> <span class='ocrx_word' id='word_1_330' title='bbox 1900 4150 2029 4214; x_wconf 89' lang='lat' dir='ltr'>operam</span> <span class='ocrx_word' id='word_1_331' title='bbox 2059 4130 2173 4197; x_wconf 92' lang='lat' dir='ltr'>scholis</span> <span class='ocrx_word' id='word_1_332' title='bbox 2203 4134 2239 4195; x_wconf 89' lang='lat' dir='ltr'>et</span> 
     </span>
     <span class='ocr_line' id='line_1_31' title="bbox 493 4228 2237 4313; baseline -0.002 -16"><span class='ocrx_word' id='word_1_333' title='bbox 493 4231 652 4298; x_wconf 90' lang='lat' dir='ltr'>Ecclesiae</span> <span class='ocrx_word' id='word_1_334' title='bbox 674 4229 790 4297; x_wconf 85' lang='lat' dir='ltr'>Christi</span> <span class='ocrx_word' id='word_1_335' title='bbox 818 4236 981 4313; x_wconf 91' lang='lat' dir='ltr'>navasset,</span> <span class='ocrx_word' id='word_1_336' title='bbox 1009 4231 1132 4296; x_wconf 90' lang='lat' dir='ltr'>duabus</span> <span class='ocrx_word' id='word_1_337' title='bbox 1153 4231 1273 4297; x_wconf 91' lang='lat' dir='ltr'>vicibus</span> <span class='ocrx_word' id='word_1_338' title='bbox 1295 4250 1351 4313; x_wconf 92' lang='lat' dir='ltr'>per</span> <span class='ocrx_word' id='word_1_339' title='bbox 1377 4249 1476 4296; x_wconf 89' lang='lat' dir='ltr'>annos</span> <span class='ocrx_word' id='word_1_340' title='bbox 1496 4230 1587 4297; x_wconf 85' lang='lat' dir='ltr'>XVII</span> <span class='ocrx_word' id='word_1_341' title='bbox 1608 4230 1812 4311; x_wconf 84' lang='lat' dir='ltr'>Tlreologiam</span> <span class='ocrx_word' id='word_1_342' title='bbox 1836 4236 1869 4297; x_wconf 91' lang='lat' dir='ltr'>et</span> <span class='ocrx_word' id='word_1_343' title='bbox 1889 4230 2054 4297; x_wconf 89' lang='lat' dir='ltr'>Hebraeas</span> <span class='ocrx_word' id='word_1_344' title='bbox 2074 4231 2183 4297; x_wconf 88' lang='lat' dir='ltr'>literas</span> <span class='ocrx_word' id='word_1_345' title='bbox 2204 4228 2237 4293; x_wconf 90' lang='lat' dir='ltr'>in</span> 
     </span>
     <span class='ocr_line' id='line_1_32' title="bbox 493 4328 2239 4414; baseline -0.003 -16"><span class='ocrx_word' id='word_1_346' title='bbox 493 4330 661 4398; x_wconf 80' lang='lat' dir='ltr'>Academia</span> <span class='ocrx_word' id='word_1_347' title='bbox 679 4329 898 4412; x_wconf 86' lang='lat' dir='ltr'>Marpnrgensi</span> <span class='ocrx_word' id='word_1_348' title='bbox 925 4328 1101 4413; x_wconf 90' lang='lat' dir='ltr'>professus,</span> <span class='ocrx_word' id='word_1_349' title='bbox 1128 4331 1242 4412; x_wconf 93' lang='lat' dir='ltr'>positis</span> <span class='ocrx_word' id='word_1_350' title='bbox 1271 4332 1390 4396; x_wconf 91' lang='lat' dir='ltr'>terreni</span> <span class='ocrx_word' id='word_1_351' title='bbox 1417 4331 1556 4413; x_wconf 90' lang='lat' dir='ltr'>eorporis</span> <span class='ocrx_word' id='word_1_352' title='bbox 1585 4330 1704 4395; x_wconf 80' lang='lat' dir='ltr'>exuviis</span> <span class='ocrx_word' id='word_1_353' title='bbox 1727 4331 1779 4414; x_wconf 91' lang='lat' dir='ltr'>pie</span> <span class='ocrx_word' id='word_1_354' title='bbox 1800 4330 1981 4412; x_wconf 90' lang='lat' dir='ltr'>placideque</span> <span class='ocrx_word' id='word_1_355' title='bbox 2005 4331 2150 4413; x_wconf 91' lang='lat' dir='ltr'>spiritum</span> <span class='ocrx_word' id='word_1_356' title='bbox 2169 4329 2239 4394; x_wconf 90' lang='lat' dir='ltr'>Deo</span> 
     </span>
     <span class='ocr_line' id='line_1_33' title="bbox 493 4426 2239 4512; baseline -0.002 -16"><span class='ocrx_word' id='word_1_357' title='bbox 493 4430 631 4497; x_wconf 86' lang='lat' dir='ltr'>reddidit</span> <span class='ocrx_word' id='word_1_358' title='bbox 660 4449 742 4496; x_wconf 91' lang='lat' dir='ltr'>anno</span> <span class='ocrx_word' id='word_1_359' title='bbox 765 4429 962 4498; x_wconf 84' lang='lat' dir='ltr'>MDCXVIII</span> <span class='ocrx_word' id='word_1_360' title='bbox 993 4430 1043 4495; x_wconf 93' lang='lat' dir='ltr'>die</span> <span class='ocrx_word' id='word_1_361' title='bbox 1072 4429 1181 4496; x_wconf 93' lang='lat' dir='ltr'>Martii</span> <span class='ocrx_word' id='word_1_362' title='bbox 1201 4430 1261 4497; x_wconf 89' lang='lat' dir='ltr'>XX</span> <span class='ocrx_word' id='word_1_363' title='bbox 1288 4431 1404 4496; x_wconf 87' lang='lat' dir='ltr'>aetatis</span> <span class='ocrx_word' id='word_1_364' title='bbox 1435 4448 1517 4495; x_wconf 93' lang='lat' dir='ltr'>auno</span> <span class='ocrx_word' id='word_1_365' title='bbox 1538 4429 1626 4495; x_wconf 76' lang='lat' dir='ltr'>LIII</span> <span class='ocrx_word' id='word_1_366' title='bbox 1647 4430 1745 4495; x_wconf 87' lang='lat' dir='ltr'>ferme</span> <span class='ocrx_word' id='word_1_367' title='bbox 1772 4431 1934 4512; x_wconf 89' lang='lat' dir='ltr'>completo.</span> <span class='ocrx_word' id='word_1_368' title='bbox 1977 4430 2088 4494; x_wconf 87' lang='lat' dir='ltr'>Filiam</span> <span class='ocrx_word' id='word_1_369' title='bbox 2110 4426 2239 4509; x_wconf 85' lang='lat' dir='ltr'>reliquit</span> 
     </span>
     <span class='ocr_line' id='line_1_34' title="bbox 494 4527 2239 4613; baseline -0.001 -17"><span class='ocrx_word' id='word_1_370' title='bbox 494 4531 618 4597; x_wconf 90' lang='lat' dir='ltr'>unicam</span> <span class='ocrx_word' id='word_1_371' title='bbox 645 4535 679 4596; x_wconf 94' lang='lat' dir='ltr'>et</span> <span class='ocrx_word' id='word_1_372' title='bbox 708 4536 842 4613; x_wconf 90' lang='lat' dir='ltr'>quatuor</span> <span class='ocrx_word' id='word_1_373' title='bbox 868 4527 966 4611; x_wconf 89' lang='lat' dir='ltr'>filios,</span> <span class='ocrx_word' id='word_1_374' title='bbox 995 4530 1164 4596; x_wconf 83' lang='lat' dir='ltr'>deremiam</span> <span class='ocrx_word' id='word_1_375' title='bbox 1185 4529 1361 4595; x_wconf 91' lang='lat' dir='ltr'>Poliatrum</span> <span class='ocrx_word' id='word_1_376' title='bbox 1389 4536 1422 4595; x_wconf 93' lang='lat' dir='ltr'>et</span> <span class='ocrx_word' id='word_1_377' title='bbox 1447 4529 1649 4595; x_wconf 85' lang='lat' dir='ltr'>Consularem</span> <span class='ocrx_word' id='word_1_378' title='bbox 1676 4528 1792 4594; x_wconf 90' lang='lat' dir='ltr'>liberae</span> <span class='ocrx_word' id='word_1_379' title='bbox 1822 4527 2239 4611; x_wconf 83' lang='lat' dir='ltr'>Reipubl.·Fridbergensis,</span> 
     </span>
     <span class='ocr_line' id='line_1_35' title="bbox 494 4627 2239 4711; baseline -0.001 -17"><span class='ocrx_word' id='word_1_380' title='bbox 494 4628 666 4711; x_wconf 91' lang='lat' dir='ltr'>Georgium</span> <span class='ocrx_word' id='word_1_381' title='bbox 700 4628 896 4695; x_wconf 84' lang='lat' dir='ltr'>Wetztlariae</span> <span class='ocrx_word' id='word_1_382' title='bbox 930 4628 1104 4696; x_wconf 90' lang='lat' dir='ltr'>Poliatrum</span> <span class='ocrx_word' id='word_1_383' title='bbox 1141 4631 1296 4695; x_wconf 87' lang='lat' dir='ltr'>loannem</span> <span class='ocrx_word' id='word_1_384' title='bbox 1332 4627 1505 4694; x_wconf 89' lang='lat' dir='ltr'>Medicinae</span> <span class='ocrx_word' id='word_1_385' title='bbox 1542 4628 1707 4710; x_wconf 88' lang='lat' dir='ltr'>Marpurgi</span> <span class='ocrx_word' id='word_1_386' title='bbox 1742 4627 1956 4694; x_wconf 90' lang='lat' dir='ltr'>Professorem</span> <span class='ocrx_word' id='word_1_387' title='bbox 1991 4634 2024 4693; x_wconf 90' lang='lat' dir='ltr'>et</span> <span class='ocrx_word' id='word_1_388' title='bbox 2061 4627 2239 4705; x_wconf 76' lang='lat' dir='ltr'>Iohannem</span> 
     </span>
     <span class='ocr_line' id='line_1_36' title="bbox 493 4726 2238 4811; baseline -0.002 -17"><span class='ocrx_word' id='word_1_389' title='bbox 493 4728 672 4811; x_wconf 89' lang='lat' dir='ltr'>Philippum</span> <span class='ocrx_word' id='word_1_390' title='bbox 698 4728 832 4794; x_wconf 91' lang='lat' dir='ltr'>Londini</span> <span class='ocrx_word' id='word_1_391' title='bbox 858 4727 1033 4808; x_wconf 88' lang='lat' dir='ltr'>Anglorum</span> <span class='ocrx_word' id='word_1_392' title='bbox 1059 4726 1247 4794; x_wconf 88' lang='lat' dir='ltr'>Medicinam</span> <span class='ocrx_word' id='word_1_393' title='bbox 1271 4728 1485 4794; x_wconf 85' lang='lat' dir='ltr'>factitantem:</span> <span class='ocrx_word' id='word_1_394' title='bbox 1524 4747 1657 4810; x_wconf 90' lang='lat' dir='ltr'>quornm</span> <span class='ocrx_word' id='word_1_395' title='bbox 1694 4734 1760 4792; x_wconf 89' lang='lat' dir='ltr'>tres</span> <span class='ocrx_word' id='word_1_396' title='bbox 1794 4730 1928 4809; x_wconf 90' lang='lat' dir='ltr'>primum</span> <span class='ocrx_word' id='word_1_397' title='bbox 1958 4727 2174 4811; x_wconf 89' lang='lat' dir='ltr'>Philosophiae</span> <span class='ocrx_word' id='word_1_398' title='bbox 2204 4730 2238 4791; x_wconf 87' lang='lat' dir='ltr'>et</span> 
     </span>
     <span class='ocr_line' id='line_1_37' title="bbox 494 4825 2240 4911; baseline -0.002 -17"><span class='ocrx_word' id='word_1_399' title='bbox 494 4828 692 4911; x_wconf 91' lang='lat' dir='ltr'>postmodum</span> <span class='ocrx_word' id='word_1_400' title='bbox 712 4827 884 4892; x_wconf 89' lang='lat' dir='ltr'>Medicinae</span> <span class='ocrx_word' id='word_1_401' title='bbox 906 4828 1058 4893; x_wconf 90' lang='lat' dir='ltr'>Doctores</span> <span class='ocrx_word' id='word_1_402' title='bbox 1079 4829 1193 4909; x_wconf 90' lang='lat' dir='ltr'>creari,</span> <span class='ocrx_word' id='word_1_403' title='bbox 1222 4834 1256 4893; x_wconf 91' lang='lat' dir='ltr'>et</span> <span class='ocrx_word' id='word_1_404' title='bbox 1280 4835 1428 4910; x_wconf 91' lang='lat' dir='ltr'>quartum</span> <span class='ocrx_word' id='word_1_405' title='bbox 1450 4827 1621 4893; x_wconf 90' lang='lat' dir='ltr'>Medicinae</span> <span class='ocrx_word' id='word_1_406' title='bbox 1648 4827 1776 4892; x_wconf 91' lang='lat' dir='ltr'>licentia</span> <span class='ocrx_word' id='word_1_407' title='bbox 1797 4827 1945 4891; x_wconf 89' lang='lat' dir='ltr'>donatum</span> <span class='ocrx_word' id='word_1_408' title='bbox 1967 4826 2078 4892; x_wconf 89' lang='lat' dir='ltr'>iisdem</span> <span class='ocrx_word' id='word_1_409' title='bbox 2098 4825 2240 4906; x_wconf 88' lang='lat' dir='ltr'>vestigiis</span> 
     </span>
     <span class='ocr_line' id='line_1_38' title="bbox 494 4926 2239 5010; baseline -0.002 -17"><span class='ocrx_word' id='word_1_410' title='bbox 494 4927 620 4994; x_wconf 85' lang='lat' dir='ltr'>fortiter</span> <span class='ocrx_word' id='word_1_411' title='bbox 641 4928 784 4992; x_wconf 88' lang='lat' dir='ltr'>insistere</span> <span class='ocrx_word' id='word_1_412' title='bbox 803 4927 890 5008; x_wconf 91' lang='lat' dir='ltr'>vidit,</span> <span class='ocrx_word' id='word_1_413' title='bbox 912 4927 978 5008; x_wconf 90' lang='lat' dir='ltr'>ipse</span> <span class='ocrx_word' id='word_1_414' title='bbox 1000 4946 1072 4992; x_wconf 89' lang='lat' dir='ltr'>vere</span> <span class='ocrx_word' id='word_1_415' title='bbox 1085 4929 1113 5010; x_wconf 82' lang='lat'>⁵)</span> <span class='ocrx_word' id='word_1_416' title='bbox 1131 4934 1266 5009; x_wconf 89' lang='lat' dir='ltr'>paterno</span> <span class='ocrx_word' id='word_1_417' title='bbox 1287 4926 1459 4993; x_wconf 91' lang='lat' dir='ltr'>fidelissimi</span> <span class='ocrx_word' id='word_1_418' title='bbox 1479 4927 1655 4991; x_wconf 89' lang='lat' dir='ltr'>educatoris</span> <span class='ocrx_word' id='word_1_419' title='bbox 1676 4933 1709 4991; x_wconf 90' lang='lat' dir='ltr'>et</span> <span class='ocrx_word' id='word_1_420' title='bbox 1728 4926 1952 5008; x_wconf 88' lang='lat' dir='ltr'>praeceptoris,</span> <span class='ocrx_word' id='word_1_421' title='bbox 1973 4943 2037 4990; x_wconf 90' lang='lat' dir='ltr'>non</span> <span class='ocrx_word' id='word_1_422' title='bbox 2058 4930 2183 4990; x_wconf 85' lang='lat' dir='ltr'>tantum</span> <span class='ocrx_word' id='word_1_423' title='bbox 2205 4926 2239 4989; x_wconf 88' lang='lat' dir='ltr'>in</span> 
     </span>
     <span class='ocr_line' id='line_1_39' title="bbox 494 5023 2241 5111; baseline -0.002 -19"><span class='ocrx_word' id='word_1_424' title='bbox 494 5023 613 5110; x_wconf 88' lang='lat' dir='ltr'>pietate</span> <span class='ocrx_word' id='word_1_425' title='bbox 635 5033 668 5092; x_wconf 91' lang='lat' dir='ltr'>et</span> <span class='ocrx_word' id='word_1_426' title='bbox 691 5027 922 5093; x_wconf 91' lang='lat' dir='ltr'>humanioribus</span> <span class='ocrx_word' id='word_1_427' title='bbox 944 5027 1052 5108; x_wconf 88' lang='lat' dir='ltr'>literis,</span> <span class='ocrx_word' id='word_1_428' title='bbox 1073 5028 1128 5093; x_wconf 90' lang='lat' dir='ltr'>sed</span> <span class='ocrx_word' id='word_1_429' title='bbox 1150 5028 1182 5093; x_wconf 91' lang='lat' dir='ltr'>in</span> <span class='ocrx_word' id='word_1_430' title='bbox 1204 5028 1274 5111; x_wconf 87' lang='lat' dir='ltr'>ipsa</span> <span class='ocrx_word' id='word_1_431' title='bbox 1294 5044 1418 5109; x_wconf 90' lang='lat' dir='ltr'>quoqne</span> <span class='ocrx_word' id='word_1_432' title='bbox 1438 5031 1509 5093; x_wconf 90' lang='lat' dir='ltr'>arte</span> <span class='ocrx_word' id='word_1_433' title='bbox 1524 5026 1657 5110; x_wconf 86' lang='lat' dir='ltr'>Medica,</span> <span class='ocrx_word' id='word_1_434' title='bbox 1678 5028 1767 5110; x_wconf 88' lang='lat' dir='ltr'>cujus</span> <span class='ocrx_word' id='word_1_435' title='bbox 1782 5032 1851 5091; x_wconf 87' lang='lat' dir='ltr'>erat</span> <span class='ocrx_word' id='word_1_436' title='bbox 1869 5025 2090 5108; x_wconf 89' lang='lat' dir='ltr'>peritissimus,</span> <span class='ocrx_word' id='word_1_437' title='bbox 2109 5041 2241 5090; x_wconf 91' lang='lat' dir='ltr'>munere</span> 
     </span>
    </p>
   </div>
   <div class='ocr_carea' id='block_1_5' title="bbox 596 5290 1487 5707">
    <p class='ocr_par' dir='ltr' id='par_1_5' title="bbox 601 5290 894 5360">
     <span class='ocr_line' id='line_1_40' title="bbox 601 5290 894 5360; baseline 0 -17"><span class='ocrx_word' id='word_1_438' title='bbox 601 5290 629 5360; x_wconf 88' lang='grc'>1)</span> <span class='ocrx_word' id='word_1_439' title='bbox 647 5290 739 5359; x_wconf 89' lang='lat' dir='ltr'>Imago</span> <span class='ocrx_word' id='word_1_440' title='bbox 755 5290 894 5345; x_wconf 91' lang='lat' dir='ltr'>Moltheri.</span> 
     </span>
    </p>

    <p class='ocr_par' dir='ltr' id='par_1_6' title="bbox 598 5375 839 5446">
     <span class='ocr_line' id='line_1_41' title="bbox 598 5375 839 5446; baseline 0.008 -17"><span class='ocrx_word' id='word_1_441' title='bbox 598 5375 628 5446; x_wconf 79' lang='lat'>2)</span> <span class='ocrx_word' id='word_1_442' title='bbox 648 5375 712 5432; x_wconf 87' lang='lat' dir='ltr'>Cod.</span> <span class='ocrx_word' id='word_1_443' title='bbox 732 5376 839 5431; x_wconf 83' lang='lat' dir='ltr'>tederet.</span> 
     </span>
    </p>

    <p class='ocr_par' dir='ltr' id='par_1_7' title="bbox 596 5462 1487 5707">
     <span class='ocr_line' id='line_1_42' title="bbox 596 5462 1487 5533; baseline 0.001 -16"><span class='ocrx_word' id='word_1_444' title='bbox 596 5463 627 5532; x_wconf 82' lang='lat'>3)</span> <span class='ocrx_word' id='word_1_445' title='bbox 644 5463 704 5517; x_wconf 89' lang='lat' dir='ltr'>Iloc</span> <span class='ocrx_word' id='word_1_446' title='bbox 721 5463 831 5517; x_wconf 89' lang='lat' dir='ltr'>verbum</span> <span class='ocrx_word' id='word_1_447' title='bbox 850 5480 867 5518; x_wconf 90' lang='lat' dir='ltr'>a</span> <span class='ocrx_word' id='word_1_448' title='bbox 884 5463 939 5518; x_wconf 86' lang='lat' dir='ltr'>Dil.</span> <span class='ocrx_word' id='word_1_449' title='bbox 958 5463 986 5517; x_wconf 93' lang='lat' dir='ltr'>in</span> <span class='ocrx_word' id='word_1_450' title='bbox 1004 5463 1126 5533; x_wconf 89' lang='lat' dir='ltr'>margine</span> <span class='ocrx_word' id='word_1_451' title='bbox 1144 5462 1266 5518; x_wconf 90' lang='lat' dir='ltr'>additum</span> <span class='ocrx_word' id='word_1_452' title='bbox 1284 5464 1375 5518; x_wconf 89' lang='lat' dir='ltr'>omisit</span> <span class='ocrx_word' id='word_1_453' title='bbox 1391 5463 1487 5519; x_wconf 77' lang='lat' dir='ltr'>Tilena</span> 
     </span>
     <span class='ocr_line' id='line_1_43' title="bbox 600 5549 1441 5619; baseline 0.001 -17"><span class='ocrx_word' id='word_1_454' title='bbox 600 5550 630 5618; x_wconf 79' lang='lat'>4)</span> <span class='ocrx_word' id='word_1_455' title='bbox 651 5549 717 5603; x_wconf 87' lang='lat' dir='ltr'>Cum</span> <span class='ocrx_word' id='word_1_456' title='bbox 734 5550 845 5604; x_wconf 88' lang='lat' dir='ltr'>verbnm</span> <span class='ocrx_word' id='word_1_457' title='bbox 864 5549 1041 5619; x_wconf 87' lang='lat' dir='ltr'>desideretur,</span> <span class='ocrx_word' id='word_1_458' title='bbox 1061 5551 1155 5605; x_wconf 86' lang='lat' dir='ltr'>Tilem.</span> <span class='ocrx_word' id='word_1_459' title='bbox 1175 5549 1279 5606; x_wconf 90' lang='lat' dir='ltr'>addidit</span> <span class='ocrx_word' id='word_1_460' title='bbox 1297 5552 1441 5606; x_wconf 81' lang='lat' dir='ltr'>sustinens.</span> 
     </span>
     <span class='ocr_line' id='line_1_44' title="bbox 601 5634 1215 5707; baseline 0.002 -17"><span class='ocrx_word' id='word_1_461' title='bbox 601 5634 631 5705; x_wconf 80' lang='lat' dir='ltr'>b)</span> <span class='ocrx_word' id='word_1_462' title='bbox 651 5635 716 5691; x_wconf 85' lang='lat' dir='ltr'>Cod.</span> <span class='ocrx_word' id='word_1_463' title='bbox 735 5652 798 5692; x_wconf 82' lang='lat' dir='ltr'>vere</span> <span class='ocrx_word' id='word_1_464' title='bbox 816 5652 832 5691; x_wconf 88' lang='lat' dir='ltr'>a</span> <span class='ocrx_word' id='word_1_465' title='bbox 849 5653 912 5692; x_wconf 83' lang='lat' dir='ltr'>cero</span> <span class='ocrx_word' id='word_1_466' title='bbox 931 5653 1008 5707; x_wconf 85' lang='lat' dir='ltr'>corr,</span> <span class='ocrx_word' id='word_1_467' title='bbox 1028 5637 1124 5692; x_wconf 89' lang='lat' dir='ltr'>Tilem.</span> <span class='ocrx_word' id='word_1_468' title='bbox 1143 5653 1215 5692; x_wconf 83' lang='lat' dir='ltr'>vcro.</span> 
     </span>
    </p>
   </div>
   <div class='ocr_carea' id='block_1_6' title="bbox 0 0 2738 7267">
    <p class='ocr_par' dir='ltr' id='par_1_8' title="bbox 0 0 2738 7267">
     <span class='ocr_line' id='line_1_45' title="bbox 0 0 2738 7267; baseline 0 0"><span class='ocrx_word' id='word_1_469' title='bbox 0 0 2738 7267; x_wconf 95' lang='lat' dir='ltr'> </span> 
     </span>
    </p>
   </div>
  </div>
 </body>
</html>
