5409 7267
1135 1112 1175 1165 Aa
1190 1125 1261 1164 nanc
1279 1109 1388 1165 calcalia
1405 1108 1537 1164 Docton’a
1553 1110 1703 1165 honorabas
1716 1116 1816 1167 meaa

1172 1195 1319 1250 Commode
1335 1196 1470 1251 ‚Iustitiae
1487 1196 1574 1252 malta
1590 1196 1712 1266 soloque
1724 1197 1815 1267 seret.-

1136 1280 1246 1337 Scala'cct
1261 1283 1311 1337 hos
1324 1281 1450 1350 fractas,
1465 1284 1531 1337 hoec
1547 1285 1675 1352 praerato
1692 1284 1788 1338 oioido
1803 1286 1893 1341 oirhoe

1170 1366 1284 1436 Insedit
1300 1369 1415 1438 premio,
1433 1368 1507 1424 clarc
1525 1369 1671 1437 Motlaocc,
1690 1376 1745 1424 tao.

1252 1633 1386 1700 Petrus
1409 1632 1586 1716 Nigidius
1615 1632 1758 1700 Senior.
1772 1634 1799 1716 ¹)

750 1790 861 1856 Patria
879 1790 1004 1872 Nigidio
1025 1789 1085 1855 fuit
1105 1789 1340 1856 Allendorifiom
1363 1790 1477 1857 Sahnis
1499 1788 1620 1856 celebre
1633 1789 1808 1855 Bassorum
1831 1787 1989 1871 oppidum,
2010 1785 2097 1870 quod
2116 1803 2190 1852 eum
2209 1789 2393 1852 nmcentcm

654 1891 776 1972 excepit
797 1909 879 1956 anno
901 1890 980 1956 MDI
1001 1895 1110 1956 octavo
1134 1889 1204 1957 Cal.
1225 1889 1376 1973 Martias,
1413 1890 1465 1955 cui
1490 1890 1628 1971 ascripta
1656 1889 1766 1955 estin
1789 1886 1977 1955 christianis
2004 1886 2097 1953 actis
2122 1886 2274 1952 cathedra
2292 1886 2392 1966 Petri,

655 1991 736 2057 unde
764 1995 798 2056 et
825 2009 938 2056 nomen
965 1990 996 2055 ei
1024 1991 1057 2054 in
1084 1990 1239 2071 baptismo
1266 1989 1408 2072 contigit.
1460 1989 1542 2056 HInc
1573 2008 1644 2056 cum
1672 1994 1757 2055 esset
1783 1988 1908 2070 ingenio
1935 1986 2050 2069 alacri,
2079 1986 2197 2068 vivido,
2228 1986 2392 2053 libeaha

652 2090 838 2171 parentibus
858 2090 1066 2171 Hombergam
1088 2088 1251 2155 Cattorum
1270 2090 1312 2155 ad
1332 2089 1495 2155 Nicolaum
1516 2090 1694 2172 Asclepium
1715 2088 1869 2156 adductus
1891 2090 1943 2153 est
1963 2086 2066 2168 prima
2086 2086 2196 2152 statim
2216 2090 2337 2171 aetate,
2357 2093 2393 2153 ιιι

653 2190 720 2272 eJus
749 2191 942 2271 potissimum
980 2190 1125 2271 auspiciis
1158 2191 1286 2272 puerihs
1322 2190 1483 2256 docuisse
1517 2189 1792 2272 comprehenderet
1830 2187 1984 2253 elementa
2023 2190 2057 2251 et
2090 2185 2133 2251 ad
2165 2184 2394 2253 humanitates

653 2288 825 2370 fingeretur
856 2294 952 2370 atque
981 2290 1138 2355 virtutem
1197 2288 1260 2356 Sed
1290 2296 1401 2372 postea
1427 2291 1504 2356 XIII
1531 2308 1685 2356 annorum
1717 2306 1796 2370 puer
1830 2288 1874 2355 ad
1912 2286 2088 2352 uberiorem
2120 2285 2238 2367 ingenii
2273 2287 2393 2353 cultum

653 2388 876 2471 capessendum
896 2388 1102 2455 Northusium
1122 2389 1336 2470 Duringorum
1356 2388 1517 2471 proiectus
1540 2391 1739 2456 administras
1760 2406 1871 2471 operas
1889 2386 1990 2453 Raida
2010 2385 2076 2453 Iudi
2095 2386 2268 2470 praefecto,
2294 2387 2393 2454 Hera·

653 2487 837 2554 leidensium
856 2494 966 2570 postea
989 2490 1214 2570 concIonatori,
1234 2491 1405 2571 praestitit
1446 2490 1586 2571 Indeque
1606 2487 1786 2555 Erfurdiam
1815 2506 1896 2553 anno
1918 2486 2119 2553 Christianae
2140 2486 2277 2569 epochae
2299 2488 2392 2554 XVII

655 2589 824 2670 concessit,
855 2589 907 2654 ubi
928 2589 1029 2654 instar
1053 2587 1215 2654 Cleanthis
1242 2594 1339 2654 noctu
1361 2590 1473 2671 pistori
1500 2590 1532 2655 in
1560 2608 1641 2672 aqua
1666 2587 1837 2655 haurienda
1861 2605 1989 2670 operam
2016 2585 2164 2667 locastis,
2191 2591 2227 2653 ut
2251 2587 2393 2653 interdiu

654 2688 752 2753 vitam
774 2693 955 2755 sustentare
977 2693 1009 2754 et
1033 2687 1209 2770 Chrysippo
1237 2688 1427 2771 Philosopho
1458 2708 1583 2771 operam
1613 2690 1692 2756 dare
1723 2694 1848 2771 posset,
1885 2688 1995 2769 Lange
2019 2691 2053 2753 et
2079 2685 2195 2752 Hunno
2221 2686 2391 2754 lamulatus

654 2789 774 2855 nocteIs
794 2795 827 2854 ct
847 2787 915 2853 dies
942 2789 974 2852 in
1002 2788 1214 2853 doctrinarum
1240 2789 1376 2853 omnium
1402 2789 1605 2856 meditatione
1632 2790 1679 2854 ita
1705 2794 1852 2855 versatus
1877 2793 1945 2868 cst,
1972 2790 2010 2851 ut
2032 2786 2160 2852 titulum
2179 2786 2392 2868 Baccalaurei,

654 2889 795 2969 quitum
818 2888 960 2970 equidem
983 2887 1132 2969 temporis
1153 2888 1347 2969 magnifieri
1368 2896 1587 2971 consueverat,
1616 2894 1868 2970 consequeretur.
1918 2888 2021 2966 Quum
2045 2887 2155 2969 itaque
2175 2905 2213 2953 eo
2235 2886 2391 2953 Indesesso

654 3005 841 3069 progressus
869 2992 954 3052 essct
981 2988 1101 3066 studi0‚
1130 2992 1167 3052 ut
1193 2989 1345 3069 pueritiae
1367 2988 1524 3054 docendae
1549 2994 1645 3071 aptus
1669 2989 1847 3069 videretur,
1874 2986 2061 3068 Echwegam
2080 2987 2231 3068 primum,
2258 3003 2339 3068 quae
2359 2986 2392 3052 in

656 3088 789 3153 Hassiae
803 3093 836 3152 et
851 3087 1021 3166 DuriugIae
1039 3093 1087 3150 cst
1102 3087 1252 3167 confiniis,
1273 3089 1469 3169 postmodum
1486 3089 1517 3152 in
1535 3090 1670 3169 patriam
1691 3088 1870 3168 accersitus,
1892 3091 1928 3152 ut
1941 3086 2097 3151 institutis
2109 3086 2139 3169 ²)
2160 3091 2194 3152 et
2215 3088 2391 3169 praeceptis

656 3188 719 3252 suls
743 3187 938 3268 juventutem
966 3185 1107 3265 emdiat,
1138 3187 1170 3250 id
1200 3186 1285 3267 quod
1321 3187 1404 3252 circa
1433 3204 1550 3252 annum
1580 3187 1718 3268 epochae
1742 3186 1942 3252 Christianae
1963 3185 2038 3251 XXI
2068 3184 2189 3251 accidit
2240 3187 2285 3252 At
2311 3188 2392 3253 enim

654 3305 752 3370 quum
774 3286 805 3351 id
827 3287 859 3349 in
880 3285 971 3350 laude
992 3289 1121 3366 poneret
1141 3285 1291 3367 maxime,
1321 3286 1348 3351 si
1377 3304 1440 3351 non
1468 3304 1531 3351 uno
1558 3285 1597 3352 de
1626 3286 1697 3351 ludo
1727 3290 1760 3351 et
1781 3285 1900 3367 Repub.
1919 3285 2000 3351 bene
2019 3286 2134 3351 meari
2154 3291 2281 3368 posset,
2311 3305 2392 3352 anno

655 3385 774 3452 Christi
793 3385 965 3451 MDXXIII
992 3384 1177 3467 Gottingam
1205 3386 1356 3450 concessit
1386 3385 1558 3467 Saxonum,
1596 3403 1786 3467 uxoremque
1820 3384 1879 3450 sibi
1913 3384 2058 3466 adjunxit
2086 3385 2206 3466 pariter
2237 3385 2392 3451 Eulaliam

656 3486 797 3567 Gilliam,
829 3503 929 3567 equa
951 3487 979 3549 ei
1006 3490 1119 3565 postea
1150 3485 1298 3550 tredecim
1328 3486 1397 3551 nati
1422 3492 1496 3551 sunt
1524 3487 1628 3568 liberi,
1661 3487 1716 3568 qui
1738 3486 1797 3551 Dei
1823 3482 1972 3550 beneficio
2000 3484 2130 3567 stirpem
2151 3485 2233 3553 hanc
2254 3488 2302 3552 ita
2322 3506 2392 3569 pro

654 3591 833 3669 pagarunt,
853 3591 891 3650 ιιι
908 3590 1037 3666 nepotes
1057 3584 1170 3649 viderit
1193 3602 1230 3649 ac
1250 3590 1439 3666 pronepotes
1461 3586 1592 3651 XXGIII
1612 3592 1816 3667 posterosque
1836 3584 1916 3650 adeo
1937 3582 2003 3651 CIL
2044 3584 2213 3651 Caeterum
2234 3588 2308 3669 quia
2325 3589 2392 3670 Jam

656 3686 777 3768 pridem
808 3686 911 3749 ammo
939 3686 1006 3765 ejus
1033 3683 1233 3763 Witebergae
1260 3690 1393 3766 atquae
1417 3693 1484 3749 tum
1511 3687 1676 3767 praecipue
1701 3684 1893 3766 effulgebant
1917 3683 1994 3765 illle,
2025 3683 2212 3751 Germaniae
2239 3686 2393 3755 luminum

655 3785 784 3851 Lutheri
805 3791 837 3849 et
857 3783 1069 3849 Melanthonis
1092 3783 1289 3849 visendorum
1311 3784 1470 3849 insederat
1490 3786 1656 3866 cupiditas,
1677 3786 1760 3850 cirea
1779 3802 1894 3849 annum
1907 3784 2041 3851 DXXVI
2060 3784 2134 3851 illuc
2150 3786 2312 3867 proiectus
2333 3794 2393 3869 est,

655 3883 738 3966 quod
757 3884 786 3948 ei
809 3902 872 3948 non
894 3883 976 3947 male
1001 3883 1121 3948 cecidit.
1173 3882 1313 3946 Innotuit
1340 3884 1423 3948 enim
1448 3882 1580 3949 hominis
1607 3885 1640 3949 in
1667 3890 1777 3950 tenera
1801 3886 1969 3966 juventute
1995 3883 2188 3951 metuenda
2213 3886 2391 3955 assiduitas

654 3991 749 4065 atque
770 3984 925 4049 industrIa
946 3983 1046 4064 magis
1066 3982 1246 4064 magisque,
1278 3981 1324 4046 ita
1351 3988 1390 4048 ιιι
1418 4001 1482 4049 uno
1511 3984 1679 4065 eodemque
1704 3983 1930 4065 propemodum
1962 3988 2105 4065 tempore
2132 3984 2266 4068 ejusdem
2292 4005 2393 4069 opera

654 4083 727 4149 hiuc
744 4084 815 4149 inde
836 4088 1033 4165 expeteretur
1044 4084 1082 4163 ³).
1135 4081 1197 4148 Sed
1227 4083 1412 4149 scholastica
1436 4083 1686 4149 Darmstadiensi
1706 4090 1739 4149 et
1758 4083 2016 4165 Lunaeburgensi
2044 4082 2219 4166 functione,
2246 4089 2392 4168 quamvls

594 4165 605 4185 ’
655 4182 811 4247 luculenta
831 4187 965 4263 utraque
986 4183 1064 4247 sads
1084 4187 1177 4262 esset,
1198 4184 1369 4264 praeterita
1385 4182 1426 4247 ad
1439 4182 1703 4250 Allendorffenses
1721 4202 1794 4249 suos
1813 4200 1976 4264 regressus
1994 4182 2149 4250 aXXVII
2168 4202 2251 4251 anno
2265 4186 2392 4254 scholae

655 4282 771 4347 ibidem
790 4281 927 4363 praefuit
955 4281 1056 4347 denuo
1083 4299 1182 4363 usque
1211 4282 1253 4348 ad
1281 4301 1395 4347 annum
1416 4282 1554 4364 XXXII,
1584 4300 1647 4364 quo
1669 4282 1872 4364 Marpurgum
1892 4287 2039 4348 evocatus
2063 4288 2129 4365 est,
2156 4289 2195 4351 ut
2212 4285 2391 4355 Ileinhardo

656 4381 798 4448 LorIchio
813 4382 844 4445 in
858 4380 1057 4463 paedagogeo
1072 4381 1272 4461 moderando,
1295 4390 1447 4462 tanquam
1460 4382 1579 4463 collega
1597 4382 1763 4464 prImarIus
1784 4382 2049 4448 sucoenturIatam
2070 4382 2234 4466 praeberet
2250 4404 2389 4469 operam,

656 4482 707 4548 uhi
728 4481 874 4562 Magistri
897 4480 1119 4546 condecoratus
1139 4479 1255 4546 honore
1275 4499 1359 4546 anno
1381 4487 1522 4547 vertente
1543 4482 1837 4564 Paedagogiarchae
1857 4482 2063 4563 praeponitur
2083 4485 2218 4566 muneri,
2239 4487 2326 4567 quod
2346 4489 2391 4553 ita

657 4582 814 4662 sustinuit,
836 4585 872 4645 ut
885 4598 947 4644 non
961 4580 1022 4645 nisi
1039 4581 1217 4662 juventutis
1235 4585 1393 4662 spectaret
1407 4583 1612 4647 commodum.
1654 4581 1791 4662 Ideoque
1806 4586 1845 4647 ut
1862 4582 1929 4663 ejus
1941 4580 2053 4647 studiis
2070 4586 2160 4648 tanto
2174 4586 2390 4653 consuleretur

655 4682 787 4764 rectius,
819 4698 907 4745 suam
933 4699 971 4745 cx
995 4697 1089 4761 opere
1119 4678 1450 4763 Mycillophilippim‘)
1482 4682 1679 4747 concinnavit
1701 4687 1769 4747 tom
1790 4682 1938 4763 temporis
1962 4680 2214 4749 Grammaticam.
2257 4686 2301 4752 ht
2321 4706 2391 4752 orm

657 4799 756 4845 annos
783 4780 849 4845 lere
875 4779 935 4844 VH
966 4780 997 4843 In
1028 4778 1088 4844 hoc
1118 4778 1292 4864 induendae
1328 4780 1481 4846 curriculo
1513 4781 1739 4863 allaborasset,
1775 4799 1858 4846 anno
1889 4798 1909 4846 a
1935 4780 2060 4847 Christo
2090 4785 2165 4848 nato
2191 4783 2391 4851 MDXXXIX

658 4878 811 4946 Cassellas
832 4879 950 4945 accitus
972 4877 1151 4943 decennium
1179 4878 1226 4943 ita
1251 4896 1419 4959 puerorum
1443 4880 1536 4945 isthic
1558 4879 1640 4946 rexit
1660 4880 1824 4962 dlaciphna
1844 4881 1985 4962 ingenia,
2011 4886 2132 4947 utnon
2153 4887 2278 4949 tantum
2297 4903 2390 4967 prae

656 4980 755 5061 cepha
775 4977 926 5043 formaret
946 4984 1041 5058 atque
1063 4978 1260 5043 institutione
1281 4978 1404 5060 cadem,
1425 4979 1482 5045 sed
1503 4981 1598 5046 etiam
1618 4979 1701 5062 quod
1723 4980 1858 5045 omnium
1880 4979 2099 5062 difficilimum,
2120 4998 2217 5063 quum
2237 4985 2389 5068 cujusque

756 5130 783 5194 1)
803 5127 875 5182 Usus
902 5132 944 5181 est
967 5115 1167 5181 Dil'Gocienii
1193 5130 1259 5181 orat
1286 5124 1321 5181 de
1344 5126 1401 5181 vita
1428 5133 1457 5183 et
1479 5127 1599 5183 moribus
1615 5126 1654 5182 II
1671 5127 1746 5183 Petri
1767 5126 1870 5196 Nigidii
1894 5142 1964 5185 anno
1983 5130 2051 5184 1585
2078 5128 2174 5185 habita
2197 5136 2225 5187 et
2249 5148 2305 5189 una
2329 5149 2390 5191 cum

657 5212 758 5283 Nigidii
778 5213 899 5267 Eiencho
919 5212 1033 5281 profess.
1051 5209 1127 5265 acad.
1146 5209 1234 5278 Marp.
1253 5226 1277 5266 a.
1299 5214 1362 5267 1591
1384 5212 1465 5269 edita.

755 5300 785 5368 2)
804 5298 868 5353 Cod.
886 5300 1005 5353 instatis.

755 5387 785 5455 3)
805 5384 870 5439 Cod.
891 5391 1043 5454 experetur.

754 5476 783 5536 4)
802 5472 861 5529 Hoc
876 5474 986 5527 verbum
1005 5472 1099 5528 codem
1117 5473 1197 5529 modo
1215 5474 1344 5543 scriptum
1363 5472 1514 5529 aGocIenii
1527 5474 1649 5529 oratione
1661 5481 1799 5531 matuatus
1812 5476 1918 5532 estDiI.
1953 5478 1996 5534 De
2012 5476 2194 5534 Melanthonia
2210 5478 2391 5548 grmmatica

657 5573 674 5614 a
691 5556 804 5629 Micyllo
823 5556 964 5613 emendata
982 5559 1016 5614 cs.
1036 5560 1157 5615 Rosam
1175 5560 1273 5616 Gesch.
1292 5558 1317 5615 d.
1337 5557 1438 5628 Padag.
1458 5558 1483 5627 1,
1501 5575 1528 5627 p.
1546 5562 1596 5615 1191
1615 5575 1673 5631 sqq.
1710 5561 1823 5618 Glosscn
1841 5560 1970 5634 Micyllus
1987 5580 2014 5634 p.
2032 5564 2084 5620 287
2101 5579 2142 5633 aq,
