5409 7267
928 1135 1093 1202 Ioannes
1125 1135 1456 1219 Oldendorpius1).

402 1296 576 1378 Hamburgi
596 1301 692 1361 natus
715 1296 875 1363 Saxonum
893 1298 970 1363 urbe
990 1297 1090 1364 libera
1108 1300 1193 1365 inter
1215 1298 1432 1367 celeberrimos
1455 1300 1521 1361 tum
1541 1297 1589 1362 sui
1613 1296 1717 1378 seculi,
1739 1306 1901 1365 tumuere
1923 1301 2065 1382 inprimis

319 1398 417 1463 totius
439 1396 628 1463 Germaniae
647 1396 725 1461 Jure
751 1396 912 1461 consultos
938 1414 1132 1479 nequaquam
1154 1404 1344 1481 postremus.
1393 1396 1453 1461 llic
1473 1413 1552 1477 puer
1571 1395 1677 1461 indole
1699 1396 1778 1462 adeo
1798 1397 1859 1464 luit
1887 1398 2010 1481 eximia,
2033 1406 2066 1464 ot

318 1502 452 1562 naturae
471 1494 653 1560 muneribus
679 1492 720 1558 ad
737 1492 818 1575 juris
838 1495 942 1560 studia
962 1496 1009 1561 ita
1030 1496 1158 1580 habilis,
1179 1506 1216 1564 ut
1237 1516 1299 1563 non
1320 1500 1432 1576 natus,
1461 1493 1518 1560 sed
1539 1493 1668 1577 abipso
1688 1497 1756 1561 Deo
1778 1497 1821 1563 ad
1842 1498 1952 1564 eadem
1973 1497 2066 1564 fictus

319 1612 389 1661 esse
409 1594 580 1660 videretur.
623 1593 759 1675 Ideoque
780 1594 889 1675 primis
909 1595 1074 1661 literarum
1095 1597 1279 1662 rudimentis
1300 1594 1459 1677 lupatria
1478 1593 1590 1675 positis
1613 1594 1647 1659 in
1668 1596 1787 1662 artium
1808 1595 1873 1663 fere
1895 1597 2067 1681 disciplinis

318 1694 438 1759 omneis
465 1692 561 1758 animi
589 1692 672 1757 vires
700 1691 879 1775 profudit²)
907 1701 1006 1777 atquo
1034 1696 1168 1779 ingenii,
1198 1693 1341 1762 avunculi
1374 1693 1541 1775 praecipue
1571 1692 1693 1759 Alberti
1719 1691 1882 1779 Grantii³)
1914 1696 2066 1763 Historiei

318 1891 420 1957 aiensi
440 1891 602 1973 gymnasio
623 1896 768 1956 versatus
791 1892 902 1974 majori
924 1911 1072 1975 operase
1092 1893 1133 1959 ad
1155 1893 1362 1974 audiendum,
1384 1890 1568 1973 legendum,
1591 1892 1852 1975 seribendumque
1875 1893 2011 1975 dedidit,
2033 1895 2066 1959 in

319 1994 633 2073 praeceptorumque,
663 2008 742 2071 quos
763 1990 865 2056 isthac
891 1991 924 2057 in
949 1992 1119 2058 Academia
1146 1993 1258 2058 habuit
1286 1990 1528 2072 eruditissimos,
1548 1991 1682 2057 incurrit
1704 1993 1857 2074 vestigIa,
1878 1993 2010 2075 injuris
2033 1998 2067 2059 et

319 2089 514 2172 eloquentiae
541 2089 652 2154 studiis
673 2090 757 2154 vitae
783 2090 874 2171 quasi
900 2090 1140 2157 tabernaculum
1168 2091 1332 2157 collocans.
1383 2092 1485 2172 Atque
1515 2089 1560 2155 sic
1588 2091 1713 2171 quidem
1741 2109 1758 2156 e
1784 2092 1957 2158 domestica
1976 2109 2066 2157 exer·

320 2189 470 2254 citatione
492 2198 525 2254 et
546 2188 707 2254 umbratili
725 2189 860 2254 medium
881 2190 913 2255 in
933 2208 1056 2274 agmen,
1075 2195 1181 2257 castra
1203 2197 1298 2271 atque
1320 2191 1418 2255 aciem
1432 2188 1588 2255 forensem
1604 2208 1794 2271 progressus
1815 2195 1848 2256 et
1867 2191 1900 2255 in
1923 2191 2066 2256 doctissi-

319 2306 440 2354 morum
453 2306 651 2369 quorumque
665 2286 822 2352 bominum
835 2289 932 2354 oculis
946 2291 1136 2356 constitutus
1151 2289 1431 2371 GryphIswaldiae,
1446 2306 1527 2370 quae
1540 2289 1747 2354 Pomeraniae
1758 2290 1880 2355 Ducum
1896 2289 2067 2355 Academia

318 2393 377 2469 est,
398 2386 528 2452 honoris
547 2387 579 2450 in
600 2391 732 2468 utroque
750 2386 823 2468 jure
843 2389 956 2453 summi
977 2390 1060 2471 cepit
1081 2389 1224 2469 insignia.
1268 2389 1379 2470 Neque
1397 2388 1494 2454 multo
1513 2393 1595 2470 post,
1617 2406 1712 2470 quum
1734 2393 1858 2454 tantam
1877 2390 1940 2454 vim
1962 2406 2067 2453 rerum

319 2485 590 2567 cognitionemque
611 2504 681 2550 cum
711 2486 793 2567 ejus,
823 2488 878 2568 qui
908 2487 1038 2554 consilio
1059 2494 1092 2553 et
1113 2488 1256 2553 oratione
1276 2489 1310 2553 iu
1338 2488 1467 2554 civitate
1495 2487 1596 2569 valet,
1624 2488 1755 2553 selentia
1783 2493 1816 2553 et
1843 2487 2067 2552 exercitatione

320 2585 485 2663 sociasset,
508 2583 635 2666 Syndici
661 2602 773 2650 munus
801 2586 886 2667 apud
912 2587 1152 2653 Rostochienses
1173 2588 1285 2652 tenuit.
1337 2587 1441 2667 Atque
1460 2586 1505 2653 sic
1525 2588 1557 2651 in
1579 2587 1721 2652 maximis
1741 2587 1861 2653 caussis
1883 2587 2011 2651 consilio
2033 2592 2067 2650 et

319 2685 427 2765 lingua
448 2683 592 2765 princeps
614 2681 716 2748 iactum
739 2682 886 2751 Coloniae
905 2686 1039 2766 primunr
1067 2690 1100 2751 et
1121 2686 1286 2767 Marpurgi
1307 2692 1418 2767 postea
1435 2686 1487 2767 Jus
1507 2687 1611 2768 ipsum
1637 2686 1728 2750 civile
1749 2703 1807 2766 per
1829 2684 1944 2750 multos
1966 2702 2065 2750 annos

319 2801 383 2849 non
405 2784 471 2848 sine
491 2799 613 2848 summa
635 2780 812 2863 doetrinae,
837 2781 924 2864 fidei,
952 2784 1125 2851 industriae
1157 2791 1190 2850 et
1219 2786 1392 2868 sapientiae
1422 2784 1515 2850 laude
1543 2785 1654 2851 docuit.
1709 2784 1959 2868 [Jureconsultus
1982 2784 2065 2849 acris

315 2882 426 2965 iudicii
447 2886 482 2947 et
502 2882 534 2946 in
554 2882 644 2963 praxi
665 2880 863 2948 dexteritatis
886 2884 1067 2966 singularis,
1088 2885 1194 2967 quiin
1213 2884 1284 2966 jure
1305 2883 1456 2949 tradendo
1477 2884 1553 2965 quid
1575 2882 1773 2964 desiderarit,
1794 2882 1868 2949 hine
1890 2882 2066 2964 colligatur,

319 2999 390 3047 curn
411 2980 559 3063 expolim,
579 2979 696 3061 inquit,
718 2979 834 3047 debent
852 2983 953 3049 solida
975 2983 1133 3065 doctrina,
1154 3002 1216 3048 non
1243 2983 1378 3048 distrahi
1402 2981 1658 3048 altercationibus
1681 2982 1833 3063 juvenum
1861 2980 2064 3064 ingenia.]⁴).

320 3079 528 3160 Caeteroquin
549 3078 754 3161 Marpurgum
775 3082 862 3147 venit
882 3081 958 3149 VIII
981 3083 1059 3148 Julii
1079 3101 1163 3148 anno
1183 3082 1302 3148 MDXL
1325 3080 1449 3147 liberali
1479 3086 1513 3145 et
1534 3080 1665 3146 honesto
1685 3080 1841 3163 stipendio
1861 3098 1900 3145 ex
1919 3078 2066 3162 Agrippi·

319 3179 410 3245 nensi
428 3178 595 3244 Academia
615 3178 719 3245 isthuc
740 3186 898 3262 evocatus,
920 3181 1116 3263 tandemque,
1135 3199 1231 3263 quum
1253 3197 1353 3245 annos
1374 3180 1487 3260 viginti
1509 3184 1629 3261 septem
1649 3179 1713 3247 illic
1735 3196 1856 3246 summa
1877 3177 2066 3246 dexteritate

319 3279 478 3345 docuisset
499 3284 532 3343 et
553 3276 694 3343 infinitus
714 3278 884 3345 forensium
905 3299 1010 3347 rerum
1029 3281 1118 3346 labor
1132 3283 1201 3363 ipso
1219 3280 1335 3346 aetatis
1346 3280 1431 3345 flexu
1446 3284 1479 3344 ct
1493 3280 1653 3360 bonorum,
1673 3295 1762 3360 quos,
1785 3279 1851 3344 sive
1864 3278 2066 3343 Rectoratum

319 3382 451 3460 spectes,
471 3395 563 3459 quem
589 3376 821 3443 administravit
841 3384 964 3459 quater,
986 3381 1052 3444 sive
1066 3379 1263 3459 Academiae,
1283 3396 1377 3458 quam
1399 3379 1427 3441 is
1446 3378 1539 3441 anule
1559 3376 1736 3458 quindecim
1755 3378 1830 3457 egit,
1852 3393 2015 3441 censuram
2025 3375 2066 3459 ³),

319 3479 384 3543 sive
412 3477 546 3557 denique
574 3493 696 3540 summa
727 3477 857 3541 virtutis
887 3482 919 3541 et
946 3477 1108 3542 doctrinae
1137 3476 1292 3558 praemia,
1321 3492 1404 3555 quae
1432 3475 1544 3554 viginti
1573 3473 1694 3539 duobus
1719 3475 1802 3555 Juris
1821 3475 2010 3540 Doctoribus
2032 3479 2067 3539 et

318 3575 439 3642 duobus
460 3573 642 3639 Licentiatis
672 3577 822 3653 tanquam
843 3574 1005 3639 Brabeuta
1034 3575 1180 3655 contult,
1210 3574 1377 3654 intuearis,
1406 3571 1505 3652 gessit
1525 3589 1657 3653 prorsus
1678 3572 1903 3653 amplissimus,
1932 3572 2066 3639 decursu

317 3673 524 3752 constitisset,
545 3669 630 3735 Juuii
651 3670 747 3735 tertio
767 3688 849 3735 anno
870 3671 1050 3737 MDLXVII
1067 3676 1199 3737 mortem
1220 3670 1366 3737 occubuit
1380 3671 1413 3735 in
1426 3687 1547 3734 summo
1562 3670 1678 3752 templo
1701 3671 1888 3736 tumulatus.
1932 3670 2066 3754 Scripsit

316 3778 426 3841 autern
453 3771 638 3837 Praecidam
665 3772 826 3836 actionum
845 3771 1031 3853 forensium
1062 3769 1343 3850 absolutissimam,
1372 3787 1435 3850 qua
1457 3784 1550 3833 verus
1579 3768 1769 3835 exercendae
1797 3770 2063 3852 jurisprudentiae

317 3889 392 3937 usus
414 3869 608 3950 ostenditur,
639 3869 775 3949 itemque
795 3868 892 3935 libros
914 3870 993 3935 allos
1015 3869 1056 3935 ad
1073 3868 1153 3952 juris
1176 3867 1273 3934 civiIIs
1302 3867 1598 3949 interpretationem
1624 3884 1775 3950 perquam
1804 3869 2066 3951 accommodatos,

317 3970 462 4035 nimirum
484 3968 641 4051 Isaqoqea
660 3988 717 4034 sere
729 3967 952 4035 Elmaeaturia
967 3969 1064 4035 Jum's
1083 3968 1258 4048 naturalia,
1277 3970 1421 4051 pestium
1442 3973 1472 4033 et
1493 3967 1599 4033 civilis
1618 3967 1651 4031 in
1673 3968 1793 4049 aliquot
1815 3967 1926 4034 titulos
1948 3967 2063 4033 divisa:

317 4068 475 4152 Deealope‘
496 4088 553 4133 seu
575 4066 718 4134 Dictaeo
740 4067 869 4133 tabulae
890 4068 1146 4150 euplieattomem:
1166 4068 1395 4150 Emoaooaes
1415 4069 1452 4132 im
1467 4067 1568 4151 Lepos
1582 4067 1663 4132 XII
1679 4067 1880 4133 tabularum:
1902 4066 2066 4150 imLepem

317 4173 342 4234 2
357 4169 397 4251 ff.
419 4168 458 4233 de
486 4168 609 4249 criptae
628 4167 716 4248 juata
744 4166 866 4233 sobolis
888 4166 1012 4232 scholiis
1032 4167 1117 4233 Zasii
1141 4166 1277 4250 adjecta:
1306 4167 1408 4233 Locos
1436 4169 1598 4233 aetenum
1618 4168 1711 4250 juris
1734 4166 1850 4233 Civilis
1871 4184 2064 4232 communes.-

318 4266 506 4334 Formatom
529 4264 639 4345 libelli,
659 4286 724 4347 per
751 4285 842 4348 qoem
864 4266 971 4333 editur
991 4268 1092 4333 aetio:
1120 4266 1310 4332 Formalam
1330 4266 1573 4349 inoestipaadue
1595 4267 1748 4346 commis,
1763 4287 1827 4348 per
1849 4285 1945 4349 qaam
1966 4282 2065 4329 amuc-

318 4367 452 4449 qm'sqae
465 4366 526 4449 jus
550 4384 644 4431 auum
664 4364 844 4447 injudicio
860 4373 1090 4448 persequatur,
1118 4384 1188 4431 cum
1209 4366 1438 4431 deliberatione
1461 4366 1557 4447 aequi
1577 4371 1608 4431 et
1629 4364 1720 4431 boni:
1749 4364 1803 4431 De
1816 4362 2065 4448 probationibus

318 4466 476 4532 dimmmm
491 4465 719 4547 factorumque
753 4465 843 4547 epod
865 4465 1010 4548 juds'oem
1038 4465 1269 4548 praestandas:
1305 4464 1554 4531 Absolutionem
1581 4464 1621 4531 de
1654 4463 1838 4529 nominibus
1864 4462 2066 4546 quorumdem

318 4564 554 4646 Imperatorum
583 4568 614 4629 et
641 4561 970 4630 Jomaeomcaltmmm:
1007 4564 1060 4631 De
1088 4564 1221 4631 testibus
1251 4561 1383 4628 librum:
1426 4560 1664 4644 Usueapioaam
1701 4582 1740 4629 ae
1767 4561 2065 4644 praescriptionum

320 4669 463 4745 tempera
491 4682 531 4728 ee
550 4662 630 4745 jare
659 4660 759 4729 Gioita‘
786 4661 827 4727 ad
856 4663 1104 4730 conservandam
1133 4663 1271 4729 omnium
1300 4679 1406 4728 rerum
1439 4661 1700 4741 oportunitatem:
1732 4659 1786 4727 De
1801 4662 1882 4744 jure
1902 4659 2066 4743 stapulom'

426 4843 454 4912 1)
470 4842 514 4898 De
530 4842 715 4913 OldendorpIo
733 4843 793 4900 leto
810 4843 952 4914 praeclaro
971 4845 1007 4901 ei.
1027 4844 1142 4901 maxims
1160 4843 1260 4900 Moller
1279 4843 1399 4898 Cimbris
1416 4842 1536 4898 literato
1554 4842 1585 4897 T.
1603 4843 1655 4911 III,
1672 4860 1699 4912 p.
1709 4846 1762 4899 518
1772 4858 1832 4913 sqq.
1864 4840 2067 4898 &Adfirmat

319 4929 434 4999 praelat.
459 4928 493 4984 de
516 4929 573 4985 rita
599 4929 788 5002 Oldendorpii,
814 4946 896 4999 qaam
915 4944 1004 4986 noras
1025 4930 1154 5000 Isapoges
1175 4931 1244 4998 juris
1267 4937 1357 4986 natur.
1384 4927 1490 4983 abillo
1515 4930 1687 4998 conscriptas
1712 4928 1826 4984 editIoni
1851 4928 1962 4999 (Visum
1983 4926 2065 4995 1759)

319 5014 474 5084 praemisit3
493 5014 592 5083 quibus
608 5029 674 5069 usus
693 5020 736 5069 est
753 5013 906 5071 Striedsrus
925 5030 995 5071 nova
1012 5015 1122 5087 addens,
1142 5030 1249 5071 errores
1267 5016 1413 5083 corrigens.
1448 5014 1632 5069 Accesserant
1648 5019 1742 5069 nostra
1759 5019 1850 5069 aetate
1867 5012 2064 5068 luculentiores

318 5107 406 5156 testes
420 5100 532 5156 Krabbs
550 5098 595 5154 dle
612 5099 736 5157 Uulscos.
755 5101 876 5157 Rostocls
893 5101 930 5156 im
955 5103 995 5156 lo.
1015 5118 1040 5157 u.
1064 5105 1103 5157 lca
1123 5101 1218 5156 Jahrb.
1238 5101 1259 5155 l.
1278 5117 1306 5169 p.
1322 5100 1374 5154 374
1391 5114 1451 5168 sqq.
1469 5102 1521 5154 402
1539 5115 1598 5167 sqq.
1633 5100 1805 5169 Koseqartsn
1822 5098 1919 5155 (iescls
1938 5096 1964 5151 d.
1984 5096 2064 5153 Unir.

320 5185 490 5242 Greitsrreld.
508 5184 530 5239 l.
548 5201 576 5253 p.
597 5187 646 5240 172
664 5200 704 5253 sq.

421 5270 560 5340 2)1mago
579 5268 765 5340 Oldendorpii.

422 5358 452 5424 3)
470 5357 503 5411 V.
522 5356 694 5411 anaarath.
711 5357 728 5411 l.
747 5355 802 5411 Dil.
821 5357 919 5413 iterum
937 5365 1035 5428 postea
1053 5358 1164 5414 addidit.

422 5442 453 5510 4)
471 5441 547 5508 Quae
564 5441 641 5497 uncis
658 5440 825 5512 iuclustmnr,
843 5443 896 5499 Dil.
915 5445 1036 5514 margine
1056 5443 1196 5513 inscripsit
1213 5457 1245 5497 ex
1263 5440 1372 5497 Adamo
1391 5440 1528 5497 imaum

422 5529 451 5596 5)
471 5527 691 5595 Reformatorem
714 5526 879 5583 Academiae
903 5529 1106 5600 Msrburpensm
1135 5528 1301 5584 nomiuatum
1325 5543 1349 5582 a.
1374 5524 1497 5580 MDLlll
1531 5528 1647 5580 terimur
1672 5526 1772 5582 Album
1797 5527 1899 5595 Aesd.;
1928 5542 1952 5579 r.
1981 5538 2064 5591 snpra

318 5612 464 5667 Rectorem
483 5612 569 5667 Catal.
