5409 7267
2161 968 2206 1042 95

479 1182 514 1243 et
534 1176 687 1245 desiderio
713 1178 824 1260 periit,
851 1195 945 1260 quum
974 1194 1088 1290 anunm
1112 1177 1245 1258 primum
1272 1176 1388 1241 aetatis
1415 1176 1524 1257 agera
1550 1176 1653 1259 XXX,
1680 1179 1730 1245 vir
1756 1180 1784 1244 si
1811 1177 2056 1261 eruditionem)
2085 1182 2207 1332 spectes

823 1376 952 1459 Οριιιιια
974 1397 1113 1459 quaeque
1130 1378 1220 1457 rapit
1240 1377 1316 1440 duri
1338 1375 1542 1487 clemestio¹)
1558 1376 1639 1459 soti.

480 1475 573 1542 Unde
593 1476 687 1543 etiam
706 1474 837 1557 Egliuus
859 1476 967 1543 haec
958 1476 1055 1558 1psius
1077 1474 1269 1556 asscripsit
1260 1474 1388 1555 imagini

960 1575 1108 1640 Doctrina,
1123 1574 1248 1645 sagmio,
1270 1573 1439 1641 mactantis
1456 1578 1482 1626 et
1498 1579 1558 1627 orte
1574 1573 1697 1628 mendi

995 1660 1106 1715 Petraei
1124 1674 1281 1729 aprcasom
1298 1659 1433 1727 coptspicr's
1450 1658 1588 1728 effigiata?

962 1747 1026 1800 Hoc
1041 1747 1155 1800 assam
1171 1746 1245 1800 aas
1262 1746 1365 1800 orae:
1383 1746 1414 1798 es
1425 1745 1542 1813 eorm
1554 1744 1672 1812 poma

996 1831 1116 1898 Occidit,
1134 1831 1288 1886 Hoeslocoo
1303 1846 1361 1885 aon
1375 1831 1434 1884 mac
1451 1829 1527 1884 clade
1541 1831 1657 1885 scholae.

480 1915 589 1981 Edidit
614 1920 741 1999 praeter
770 1915 834 1980 alia
853 1915 1053 2000 Philolopicc
1075 1924 1105 1983 ct
1126 1917 1272 1998 Portica,
1300 1916 1506 1999 Nosoloplom
1530 1916 1698 2001 integram¹
1712 1914 1833 1981 duobus
1862 1914 1954 1981 mmis
1981 1919 2015 1980 et
2041 1915 2211 1998 appendice

480 2015 617 2097 eleganti
636 2013 780 2081 methodo
802 2015 1150 2099 exasperationibus
1178 2016 1446 2098 comprehensam:
1475 2016 1551 2097 quin
1565 2020 1612 2081 >et
1638 2014 1860 2082 Institutiooec
1881 2015 2095 2098 cbborpicos,
2120 2015 2211 2098 jussu

480 2115 636 2196 Principis
666 2114 773 2197 lingna
801 2116 968 2182 vernacula
995 2116 1037 2181 nd
1067 2120 1193 2199 captum
1218 2116 1418 2199 operantium
1446 2113 1564 2181 affabre
1591 2119 1789 2181 constructas
1820 2118 1854 2180 et
1880 2114 1943 2179 alia
1968 2114 2061 2181 istius
2087 2115 2210 2197 generis

481 2214 574 2297 plura
595 2213 755 2296 editurus,
784 2215 812 2281 si
832 2215 1057 2298 supervixisset
1078 2215 1228 2299 amplius,
1257 2233 1314 2282 nec
1342 2232 1421 2297 quos
1450 2232 1562 2297 magno
1582 2215 1686 2281 studio
1706 2218 1907 2297 congesserat
1922 2214 2056 2297 labores,
2081 2213 2121 2281 ab
2142 2214 2211 2280 aliis

482 2312 601 2379 inrtiva
622 2330 718 2380 manu
737 2314 797 2380 snb
819 2315 922 2397 ipsum
937 2316 1002 2399 jam
1019 2316 1181 2382 morientis
1201 2315 1364 2382 ιιιιιιιιιιιιι
1385 2314 1540 2381 subtracti
1560 2312 1700 2381 luissent.

1143 2595 1307 2663 loannes
1331 2595 1542 2662 Moltherns

1223 2777 1225 2786 Ι
1258 2728 1261 2733 ’
1299 2712 1422 2767 Junior

579 2827 752 2896 Medicinae
765 2830 886 2897 Ductor
905 2835 939 2896 et
956 2808 1132 2914 Professor,
1152 2837 1245 2900 natus
1261 2833 1467 2917 Grumhergae
1479 2832 1650 2899 Hessorum
1662 2849 1743 2897 anno
1759 2848 1852 2897 aerae
1865 2829 2061 2900 Christianae
2074 2831 2210 2899 MDXGI

483 2932 533 3000 die
552 2930 674 2997 XXIIX
693 2928 801 2995 Martii
821 2930 879 2996 sub
898 2928 1007 2996 horam
1025 2930 1191 2997 secundam
1207 2933 1396 2999 matutinam
1412 2938 1504 3014 patre
1525 2932 1646 2998 Joaune
1659 2930 1815 2997 Molthero
1837 2934 1906 2998 tum
1927 2932 2078 3015 temporis
2098 2930 2212 2999 ibidem

482 3030 669 3097 Ecclesiaste
689 3033 722 3095 et
741 3034 854 3112 postea
874 3034 907 3094 ln
928 3029 1148 3112 Marpurgeusi
1167 3031 1335 3098 Academia
1357 3031 1538 3098 Professore
1558 3031 1717 3113 Theologo
1737 3030 1899 3113 Hebraeo,
1923 3031 1991 3097 viro
2014 3031 2157 3098 doctrina
2177 3036 2213 3097 et

483 3131 602 3213 pietate
624 3129 836 3211 ornatissimo,
863 3129 918 3210 qui
938 3133 1038 3195 totam
1059 3130 1136 3195 hene
1157 3131 1280 3197 vivendi
1301 3132 1364 3198 vim
1390 3132 1423 3196 ιιι
1445 3131 1561 3198 Christi
1582 3132 1758 3213 cognitione
1778 3135 1876 3212 atque
1898 3149 2002 3196 rerum
2023 3131 2212 3197 caducarum

483 3230 767 3313 contemptioneet
789 3228 993 3310 despicientia
1014 3230 1160 3312 ponebat.
1201 3231 1305 3312 Atque
1323 3230 1373 3297 hic
1394 3231 1521 3313 quidem
1542 3230 1762 3313 quumpquod
1781 3230 1888 3312 optimi
1907 3229 2011 3296 solent
2031 3234 2153 3313 patres,
2175 3249 2212 3297 oo

484 3348 589 3395 curam
611 3329 890 3413 cogitationemque
912 3328 1109 3409 dirigendam
1130 3330 1331 3412 existimaret,
1354 3333 1391 3393 ut
1411 3329 1526 3394 hberns
1547 3347 1611 3394 non
1632 3335 1697 3393 tam
1718 3329 1877 3410 fortuma,
1896 3346 1990 3410 quam
2010 3331 2104 3395 animi
2123 3330 2212 3395 bonis

483 3428 654 3510 locupletes
676 3431 832 3507 cerneret,
857 3428 953 3492 etiam
973 3427 1055 3493 hunc
1074 3427 1171 3493 filium
1192 3446 1296 3509 suum,
1324 3429 1408 3493 inter
1429 3434 1564 3509 quatuor
1584 3428 1769 3508 superstites
1796 3432 1871 3492 natu
1893 3427 2036 3509 tertium,
2063 3429 2213 3522 singulari

484 3528 646 3608 dihgentia
664 3526 880 3608 Philosophiae
901 3528 1035 3609 primum
1056 3532 1090 3593 et
1108 3526 1221 3593 deinde
1236 3527 1409 3593 Medicinae
1431 3526 1652 3608 emancipavit:
1673 3527 1706 3590 iu
1727 3526 1838 3608 quihus
1860 3525 1981 3592 mdhus
2000 3527 2047 3590 ita
2068 3532 2211 3593 versatus

484 3633 549 3710 est,
571 3632 609 3691 ut
627 3626 750 3692 illarum
769 3643 849 3708 pene
869 3624 1023 3691 infinitam
1043 3627 1106 3691 vim
1128 3630 1162 3691 et
1181 3627 1342 3691 materiam
1358 3626 1487 3692 scientia
1507 3630 1540 3691 et
1559 3625 1736 3707 cognitione
1754 3624 1947 3707 complexus,
1968 3626 2212 3692 annoMDOIlX

484 3727 535 3793 die
555 3726 616 3792 VII
633 3725 776 3791 Januarii
806 3744 826 3790 a
853 3725 1052 3791 celeberrimo
1077 3724 1301 3808 Philosophiae>
1320 3726 1527 3791 Antecessnre
1548 3724 1710 3806 Rodolpho
1732 3724 1878 3791 (loclenic
1900 3723 2043 3808 Seniore,
2078 3727 2127 3793 cui
2152 3727 2212 3793 viri

484 3828 569 3894 docti
587 3844 644 3909 per
664 3827 839 3892 universam
859 3826 1058 3892 Germaniam
1080 3824 1227 3908 quioquid
1248 3825 1312 3891 iere
1332 3825 1449 3891 habent
1478 3825 1661 3891 eruditionis
1686 3830 1838 3907 unquam
1865 3827 2062 3908 praeceptori
2089 3827 2213 3911 dehent,

484 3927 702 4009 Philosophiae
723 3931 756 3991 et
776 3945 857 3992 anno
878 3926 1074 4008 postmodum
1093 3924 1226 3991 DCXllI
1247 3925 1299 3991 die
1318 3926 1364 3992 IX
1384 3925 1474 3991 Febr.
1501 3943 1521 3989 a
1548 3924 1670 3991 Joanne
1696 3924 1883 3989 Hartmanni
1904 3924 2116 4007 chymiatriae
2135 3926 2213 3993 Pro

486 4028 604 4093 lessore
625 4026 796 4093 clarissimo
816 4025 990 4091 Medicinae
1010 4025 1144 4106 hoctor,
1165 4042 1230 4090 nou
1250 4025 1316 4090 sine
1338 4025 1522 4090 eruditionis
1542 4030 1575 4089 et
1594 4024 1766 4089 industriae
1785 4024 1975 4107 testimonio,
1999 4026 2032 4089 iu
2045 4024 2212 4091 Academia

486 4126 705 4210 Marpurgensi
724 4125 848 4208 publice
868 4126 1114 4192 renunciaretur.
1165 4123 1329 4190 Caeterum
1356 4143 1424 4190 cum
1451 4123 1576 4205 ingenio
1605 4128 1690 4189 esset
1718 4122 1759 4189 ad
1778 4122 2016 4190 Mathematicas
2037 4129 2123 4191 artes
2149 4143 2213 4191 non

487 4228 587 4294 miuus
614 4231 687 4309 apto
714 4230 807 4306 nato,
836 4243 928 4307 quam
956 4226 989 4289 in
1016 4224 1203 4290 Medicinam
1230 4223 1374 4306 proclivi,
1408 4223 1591 4304 illarumque
1619 4223 1766 4288 notitiam
1794 4242 1857 4288 non
1884 4222 2127 4306 perfunctoriam
2156 4230 2213 4290 aut

486 4327 647 4409 vulgarem
667 4326 766 4391 multo
786 4324 845 4390 sihi
865 4323 934 4390 oleo
963 4329 997 4389 et
1023 4342 1117 4405 opera
1145 4328 1370 4407 comparasset,
1400 4328 1565 4404 utrumque
1592 4323 1766 4390 studiorum
1794 4341 1892 4406 genus
1919 4325 1988 4407 pari
2016 4325 2213 4390 contentione

486 4426 548 4492 sihi
575 4425 741 4491 videbatur
774 4442 920 4506 arsurus,
955 4428 988 4489 et
1018 4424 1158 4506 apprime
1195 4423 1228 4488 ιιι
1261 4423 1316 4505 iis,
1352 4440 1434 4505 quae
1468 4423 1510 4488 ad
1544 4422 1769 4489 mathematum
1801 4423 2048 4504 illustrationem
2074 4422 2213 4489 facerent

487 4524 733 4592 allaboraturus:
761 4524 926 4606 imperavit
946 4511 1051 4589 tamen
1073 4524 1175 4588 ammo
1196 4539 1269 4605 suo,
1297 4527 1333 4588 ut
1353 4522 1546 4588 suavissimis
1566 4529 1599 4588 et
1618 4523 1831 4604 pellacissimis
1851 4523 2078 4590 Mathematum
2098 4522 2211 4590 studiis

487 4625 649 4708 sepositis,
669 4624 840 4692 Medicinae
860 4623 1016 4689 docendae
1036 4621 1290 4703 factitandaeque
1313 4623 1412 4703 magis
1433 4626 1568 4687 vacaret.
1620 4621 1727 4688 Edidit
1754 4623 1879 4688 interim
1908 4641 1926 4689 e
1946 4622 2105 4690 nonnullis
2130 4640 2212 4705 quae

487 4723 671 4806 conscripsit
698 4724 853 4806 opusculis
879 4721 1109 4789 Mathematicis
1133 4727 1304 4788 tractatam
1334 4722 1373 4787 de
1399 4720 1627 4803 Duplicotioae
1655 4721 1733 4788 cabi.
1783 4721 1901 4788 Postea
1927 4740 2022 4805 quum
2050 4723 2212 4789 clarissimi

487 4822 660 4889 Medicinae
678 4822 870 4905 professores
884 4821 1035 4887 Henricus
1049 4821 1197 4887 Petraeus
1214 4824 1247 4886 et
1266 4819 1383 4886 Paulus
1396 4820 1544 4886 ocharius
1566 4821 1608 4887 ad
1626 4820 1733 4902 plures
1751 4820 1918 4905 abiissent,
1937 4823 2028 4888 Anno
2046 4820 2212 4889 MDGXXI

488 4923 520 4987 ιιι
547 4922 716 4988 eorundem
743 4923 895 4987 statinnes
929 4925 1125 5003 surrogatus,
1165 4926 1231 4986 tum
1257 4936 1364 4985 curam
1391 4919 1653 5001 inspectionemve
1683 4919 1831 4986 medicam
1858 4922 2011 5006 majorum
2037 4923 2070 4987 in
2096 4921 2213 4989 Hassis

487 5021 745 5104 Mosooomiorum,
765 5026 831 5087 tum
844 5038 955 5086 munus
967 5020 1000 5085 in
1014 5019 1182 5085 Academia
1196 5018 1352 5087 ordinarie
1366 5018 1532 5101 profitendi
1547 5018 1732 5086 Medicinam
1743 5021 1887 5103 suscepit.
1928 5021 2020 5088 Anno
2035 5021 2212 5105 insequenti

486 5121 636 5203 vigesimo
663 5120 800 5187 secundo
819 5120 1048 5209 lbecun‘onatus
1079 5119 1112 5185 in
1144 5118 1295 5194 facultate
1320 5118 1443 5184 medica
1468 5118 1509 5184 ad
1536 5118 1636 5202 ipsum
1662 5126 1710 5187 est
1735 5118 1913 5187 devolutus:
1936 5122 2104 5206 eodemque
2128 5138 2210 5188 anno

584 5342 614 5493 g
631 5340 1017 5496 ffidhggsammua
1053 5426 1156 5481 Versus
1173 5424 1338 5493 compositus
1362 5430 1405 5481 est
1422 5440 1438 5480 e
1457 5425 1531 5494 virg.
1550 5424 1647 5495 Georg.
1672 5427 1717 5496 lli,
1735 5427 1850 5484 66-68:
1885 5428 2005 5498 Optimo·
2014 5446 2139 5501 quoscum
2152 5430 2211 5486 aa

486 5512 591 5566 meis
608 5513 769 5568 mortulam
787 5513 848 5567 oroi
866 5512 964 5567 Primo
976 5512 1069 5582 sopit:
1086 5512 1201 5567 subeam
1221 5510 1309 5566 morbi
1325 5512 1602 5582 mauducemus
1619 5512 1661 5568 Et
1678 5513 1769 5581 labor,
1792 5521 1819 5571 et
1838 5514 1925 5571 dorae
1944 5518 2023 5588 rapit
2042 5516 2210 5573 inclementia

485 5597 588 5652 mortio.
