5409 7267
478 943 526 1014 70

477 1144 637 1226 concessit,
661 1160 725 1209 non
745 1142 821 1209 alibi
840 1157 934 1224 quam
954 1140 987 1206 in
1008 1156 1130 1206 summo
1150 1138 1205 1204 illo
1222 1139 1369 1221 iustitiae
1389 1137 1542 1205 tribunali
1555 1158 1607 1222 ea,
1627 1156 1711 1223 quae
1723 1138 1900 1207 forensibus
1918 1140 2096 1209 acdombns
2114 1141 2220 1208 forant

477 1243 775 1323 accommodatiora,
796 1239 913 1307 addisci
934 1256 1028 1323 posse
1047 1242 1146 1304 ratus.
1195 1236 1364 1304 Caeterum
1391 1254 1489 1319 quum
1514 1255 1599 1305 anno
1620 1237 1817 1307 hiDXXCVi
1844 1239 1878 1306 in
1904 1240 2041 1323 patriam
2070 1240 2220 1308 Suertam

477 1345 624 1411 rediisset
644 1346 858 1429 eo‘tempore,
885 1356 947 1422 quo
969 1336 1121 1405 Consules
1143 1336 1246 1418 iegi1)
1274 1336 1391 1419 solent,
1425 1337 1596 1405 Senatores
1617 1339 1657 1421 ii,
1690 1356 1785 1421 penes
1811 1356 1890 1421 qnos
1919 1340 1986 1422 ejas
2007 1340 2055 1407 rei
2074 1346 2220 1422 potestas

479 1450 544 1525 est,
563 1444 653 1509 Doct.
675 1440 878 1507 (loeddaeum
898 1438 932 1503 in
950 1436 1100 1505 Senatum
1119 1440 1276 1519 cooptant,
1298 1441 1479 1519 cooptatum
1499 1443 1533 1503 et
1553 1438 1718 1504 absentem
1737 1437 1948 1521 moxiieipub.
1963 1456 2040 1505 suae
2051 1436 2220 1506 Consulem

479 1542 664 1610 renunciant
688 1539 820 1623 publice.
871 1535 962 1616 Quod
985 1536 1059 1603 iicet
1086 1536 1146 1617 ipsi
1173 1534 1374 1618 perdifficile,
1404 1553 1549 1603 reamare
1579 1542 1684 1603 tamen
1718 1536 1907 1604 vemcimdia
1934 1537 2069 1604 inhibuit
2095 1539 2222 1621 patriae

480 1643 599 1710 debita·
636 1636 776 1705 Pracfuit
796 1636 984 1718 igitur-huic
1004 1636 1128 1701 muneri
1146 1653 1215 1700 cnm
1234 1653 1291 1717 per
1309 1635 1400 1715 alios,
1424 1640 1491 1701 tum
1505 1637 1739 1718 perseipsum,
1760 1636 1884 1719 quoties
1899 1637 2072 1703 necessitas
2085 1637 2223 1720 urgebat

480 1747 514 1807 et
534 1739 660 1823 quando
681 1742 821 1821 poterat,
841 1754 898 1818 per
912 1735 1081 1802 biennium.
1124 1735 1302 1800 tinnovero
1318 1733 1531 1801 liDXXCIiX
1550 1752 1657 1800 mense
1671 1734 1766 1800 Junio
1787 1740 1915 1801 vocatus
1937 1734 1977 1800 ad
1998 1736 2041 1800 iii.
2066 1736 2222 1803 Nessonis

482 1838 804 1908 Cattimelibocensem
825 1834 973 1916 scholam,
994 1850 1075 1917 quae
1095 1837 1146 1898 est
1157 1832 1349 1917 Harbornae,
1374 1852 1392 1900 e
1407 1834 1494 1899 cuda
1508 1833 1550 1898 ad
1563 1832 1725 1915 Gymnasii
1744 1833 1867 1916 pulpita
1886 1835 2021 1916 transiit,
2044 1853 2223 1918 munusque

479 1941 539 2006 hoc
561 1943 594 2004 et
612 1956 761 2020 pensum,
783 1936 873 2001 initio
893 1934 923 1999 X
944 1934 1078 2015 Augusti
1097 1930 1196 2015 facto,
1223 1933 1384 2015 usquead
1404 1950 1521 1999 annum
1542 1932 1708 1999 uhxcw
1728 1934 1903 2016 semmua
1930 1952 1992 2016 quo
2015 1934 2223 2017 biarpnrgnm

482 2043 629 2105 evocatus
651 2036 771 2102 XXVII
790 2034 924 2118 Aprilis,
956 2037 993 2099 ut
1019 2034 1053 2099 in
1080 2031 1139 2098 hoc
1160 2031 1257 2099 veluti
1286 2033 1404 2116 ingenii
1432 2032 1559 2099 theatro
1591 2051 1646 2114 ea,
1676 2050 1758 2115 quac
1778 2034 1970 2115 praestantis
1996 2034 2223 2100 iurisconsulti

480 2137 609 2221 propria
629 2142 719 2217 sunt,
739 2136 910 2217 quibusque
932 2151 966 2199 se
981 2131 1169 2215 jampridem
1190 2131 1403 2198 assuefecerat
1424 2132 1493 2214 iile,
1521 2138 1749 2215 pertractaret,
1783 2132 1830 2198 III
1848 2132 2007 2198 Nonarum
2029 2132 2106 2200 Juiii
2129 2135 2224 2200 Insti-
2270 2153 2272 2156 ·

406 2267 410 2273 ·
482 2238 620 2303 tutiones
639 2234 820 2318 imperiales
840 2234 871 2298 in
890 2232 929 2298 D.
948 2231 1083 2313 Philippi
1103 2230 1258 2297 Matthaei
1278 2230 1429 2297 suffectus
1450 2232 1554 2298 locum
1576 2232 1687 2298 docere
1714 2233 1815 2314 coepit
1847 2238 1881 2297 et
1905 2231 2090 2315 explanare,
2126 2251 2223 2316 quurn

483 2337 657 2402 orationem
684 2334 723 2399 de
750 2334 846 2417 Lepta
877 2339 907 2399 et
934 2333 1071 2398 bominis
1095 2332 1229 2412 impeto
1261 2333 1297 2396 is
1324 2330 1447 2413 Repob.
1479 2353 1600 2398 summo
1633 2331 1794 2398 habuisset
1827 2336 1903 2397 ante
1935 2332 2038 2415 pridie
2075 2334 2223 2399 nimirum

485 2434 691 2504 colendarum
720 2432 804 2500 iulii.
850 2433 895 2497 At
921 2429 1133 2514 postmodum,
1173 2447 1268 2511 quum
1297 2429 1480 2497 Matthaeus
1507 2429 1638 2497 abiisset
1666 2430 1708 2496 ad
1736 2431 1860 2513 plures,
1893 2448 1985 2514 quem
2012 2432 2045 2497 in
2073 2431 2223 2499 docendis
2286 2449 2294 2472 ’

483 2534 639 2602 institutis
658 2532 823 2614 habuerat,
847 2530 979 2597 eundem
999 2529 1182 2610 indigestis
1205 2527 1397 2609 explicandis
1417 2529 1458 2595 ad
1480 2529 1513 2595 id
1535 2548 1647 2596 munus
1660 2547 1767 2596 mense
1789 2529 1966 2612 Septembri
1987 2549 2070 2598 anno
2086 2531 2224 2601 liDGiii

483 2634 690 2715 destinatum,
713 2648 923 2698 successorem
943 2629 1065 2710 habuit,
1087 2646 1266 2711 quanquam
1287 2629 1314 2694 si
1334 2628 1397 2693 alia
1417 2629 1594 2695 conditione
1616 2631 1665 2695 uti
1687 2628 1878 2696 collibuisset
1900 2628 2018 2696 homini
2036 2631 2077 2697 ad
2098 2631 2224 2697 Codicis

482 2733 704 2819 professionem
735 2730 978 2811 Heidelbergam
1009 2727 1159 2810 Palatini,
1201 2732 1275 2809 post
1305 2728 1400 2793 etiam
1431 2728 1674 2795 fflncofurtnm
1703 2729 1746 2794 ad
1773 2729 1908 2795 Oderam
1932 2729 2223 2813 Braudeborgeosis

482 2832 636 2899 Electoris
656 2831 780 2897 nomine
801 2829 933 2895 invitato
956 2846 1026 2893 eam
1046 2827 1087 2893 ad
1107 2845 1172 2892 rem
1184 2829 1402 2909 opportunitas
1418 2847 1481 2894 non
1494 2829 1616 2895 deerat.
1657 2828 1719 2895 Sed
1733 2830 1765 2894 in
1780 2833 1865 2895 sorte
1881 2828 1941 2895 hac
1955 2847 2012 2895 sua
2026 2830 2223 2913 acquiescere

485 2939 518 2999 et
537 2933 640 2998 locum
658 2931 741 2996 hunc
768 2930 818 2996 sel
844 2927 1110 2995 luculentissimae
1139 2927 1268 2994 cuilibet
1296 2928 1467 2995 conditioni
1496 2934 1689 3010 anteponere
1718 2946 1780 2994 non
1809 2928 1982 3010 dubitauit,
2014 2933 2052 2994 ut
2077 2929 2130 2995 vel
2153 2929 2224 2995 inde

485 3037 652 3117 appareat,
673 3049 758 3109 eum,
779 3030 834 3111 qui
854 3028 914 3093 viri
933 3026 984 3093 sel
1004 3026 1145 3109 inprimis
1166 3027 1237 3092 boui
1259 3032 1321 3108 est,
1342 3046 1406 3093 non
1425 3028 1506 3093 lucri
1526 3028 1714 3109 cupiditate,
1732 3027 1789 3094 sed
1809 3027 1848 3093 de
1865 3028 2037 3110 juventute
2055 3030 2221 3113 praecipue

486 3130 705 3198 benemerendi
725 3128 829 3195 studio
850 3126 978 3193 ductum
1006 3126 1039 3190 in
1069 3124 1129 3189 hac
1152 3126 1237 3190 vitae
1257 3127 1382 3191 ratione
1402 3127 1531 3191 versari.
1578 3126 1678 3191 Porro
1699 3144 1781 3191 anno
1802 3126 1938 3194 MDOXI
1958 3125 2009 3194 die
2030 3126 2176 3195 ianuarii
2194 3129 2223 3194 X

488 3233 570 3297 inter
600 3228 783 3296 Consistorii
810 3224 1034 3305 Ecclesiastici,
1074 3223 1158 3305 quod
1185 3224 1348 3306 Marpnrgi
1377 3230 1439 3307 est,
1475 3226 1660 3291 Assessores
1694 3225 1824 3293 allectus
1851 3231 1884 3293 et
1912 3226 2009 3292 veluti
2035 3227 2070 3293 in
2098 3228 2224 3311 specula

487 3330 678 3397 constitutus
697 3345 755 3412 pro
770 3326 928 3393 Ecclesiae
950 3329 984 3391 et
1002 3324 1133 3406 Reipub.
1155 3324 1259 3390 salute
1279 3325 1383 3389 animo
1405 3324 1546 3406 excubat,
1565 3324 1657 3390 homo
1675 3324 1756 3407 jnris
1772 3324 1871 3392 civilis
1894 3325 2060 3409 disciplina
2079 3326 2224 3393 eruditis

487 3432 585 3498 simus
606 3433 640 3495 et
661 3426 786 3510 ingenio
804 3424 1033 3510 prudentiaque
1052 3423 1259 3504 acutissimus,
1281 3423 1314 3488 id
1328 3423 1411 3506 quod
1432 3422 1707 3490 eGommeaton‘is
1726 3426 1761 3491 in
1782 3426 1894 3493 titulos
1915 3427 1955 3493 ds
1970 3425 2225 3510 semustum

487 3530 583 3598 Jura's
596 3528 766 3596 Oooooici:
787 3528 823 3593 se
837 3525 965 3592 titulum
976 3523 1214 3589 Pondcctorum
1236 3524 1275 3589 de
1288 3524 1456 3590 cerdonem
1468 3524 1770 3607 sipnificota‘oaibuo:
1790 3526 1945 3592 iboctotu
1958 3524 1998 3591 dc
2010 3527 2225 3594 costrobetde

488 3638 519 3698 et
538 3628 760 3698 committendo
779 3625 987 3709 stipulatione
1009 3630 1039 3690 et
1060 3624 1099 3689 de
1117 3630 1225 3690 metuo
1253 3623 1321 3705 (qni
1342 3627 1448 3688 tamen
1468 3624 1708 3689 commentarius
1729 3628 1863 3707 temere,
1895 3641 1958 3689 non
1979 3625 2101 3691 revisus
2124 3625 2225 3692 editus

489 3735 552 3812 est,
571 3734 668 3811 prout
680 3728 862 3792 Harbornae
882 3724 921 3790 ab
937 3723 1161 3789 eruditioribus
1181 3742 1220 3788 ex
1241 3724 1339 3805 ipsius
1356 3741 1410 3788 ore
1432 3728 1579 3804 exceptus
1595 3722 1666 3805 fuit)
1684 3724 1923 3808 Bosporo-sisque
1939 3723 2048 3791 itidem
2068 3725 2226 3808 aliquibus

489 3832 574 3896 ieter
596 3826 741 3895 Consilio
763 3824 1019 3906 Morperpensio
1047 3821 1146 3903 liquet
1172 3821 1221 3885 vel
1246 3822 1398 3903 inprimis.
1447 3821 1554 3886 Otium
1585 3822 1612 3887 si
1640 3822 1846 3904 superfuisset
1870 3824 1937 3889 viro
1956 3821 2103 3902 fortasse,
2131 3831 2225 3905 esset,

489 3947 545 3994 cnr
565 3940 760 4010 speraremus
779 3922 896 4004 ingenii
916 3930 950 3987 et
969 3920 1129 3986 doctrinae
1150 3920 1410 4001 exquisitissimae
1431 3929 1633 3987 monumenta
1653 3921 1795 4003 plura2).

452 4025 455 4032 ¹
586 4028 623 4094 In
645 4025 778 4108 effigiem
799 4027 905 4089 autern
927 4020 1069 4087 Goddaei
1091 4019 1236 4102 Eglinus:

972 4119 1091 4175 Oortar‘iio
1106 4120 1215 4189 polleas
1231 4121 1284 4173 boc
1298 4117 1402 4188 possiet
1420 4119 1537 4189 inceptae
1556 4119 1663 4175 Ductor

1005 4207 1167 4273 Goddocus,
1185 4207 1307 4262 solamen
1319 4205 1397 4272 juris
1414 4212 1441 4259 et
1456 4206 1527 4260 alter
1545 4222 1635 4275 opee;

974 4293 1057 4364 Qum
1065 4294 1165 4363 pitius,
1174 4308 1252 4361 quem
1263 4290 1417 4361 camfidts,
1434 4291 1614 4362 doctrinaque
1624 4293 1745 4358 clarent,

1005 4380 1135 4434 messor
1155 4377 1266 4434 &corat
1285 4378 1432 4448 spirituale
1446 4378 1551 4446 fortem.

491 4467 920 4636 gigsszdgeffiasnsgramma
948 4464 987 4531 Η.
1016 4462 1204 4531 Fabronius:
1244 4464 1272 4528 A
1304 4463 1390 4530 DEO
1421 4462 1574 4532 GENIUS
1606 4465 1664 4531 Dii
1696 4464 1820 4532 SANO:
1862 4482 1899 4529 ex
1924 4481 2002 4546 qno:
2040 4462 2225 4533 JOANNES

973 4648 1122 4702 Barbaries
1139 4646 1273 4701 hominem
1289 4644 1426 4715 desonam
1444 4644 1537 4713 bruto,
1554 4652 1685 4717 repentem

1008 4733 1147 4803 Sudjectm
1164 4733 1248 4787 ceteri
1261 4730 1416 4787 conditione
1430 4731 1518 4801 feros.

975 4820 1133 4876 Hemonam
1148 4819 1222 4875 sotio
1235 4818 1339 4887 sociem
1355 4816 1429 4872 decet
1445 4816 1535 4873 indito
1555 4819 1638 4886 coeio,

1010 4906 1145 4974 Goddaei,
1164 4907 1230 4961 boec
1248 4906 1340 4959 animo
1358 4909 1385 4959 et
1401 4906 1509 4959 nomios
1526 4904 1601 4961 dono
1616 4906 1696 4976 peria

976 4992 1053 5063 Aque
1070 4993 1129 5047 Deo
1146 4994 1242 5063 psoius
1259 4990 1293 5044 dc
1313 4990 1387 5045 &aa
1405 4989 1505 5046 rimeris
1523 5007 1587 5057 esse,

1013 5078 1066 5149 Qua·
1082 5078 1148 5133 colit
1165 5078 1269 5133 eremi
1282 5076 1386 5146 fasque
1401 5077 1532 5146 piamque
1549 5078 1647 5145 Dav).

596 5203 623 5272 1)
641 5202 730 5257 Locus
749 5201 878 5269 imaginis.

594 5290 623 5357 2)
641 5288 734 5343 Trium
752 5303 878 5343 versuum
896 5286 1013 5357 spatium
1029 5299 1142 5340 vacuum
1159 5282 1283 5338 relictum
1302 5288 1352 5339 est
1388 5281 1457 5337 Nam
1475 5298 1535 5338 cnm
1550 5283 1619 5340 haec
1631 5282 1821 5353 scriberentur,
1839 5285 1867 5340 iu
1879 5283 1947 5342 siris
1958 5284 2044 5342 fuisse
2055 5266 2229 5342 Goedd‘asum

496 5381 624 5442 apparet,
643 5373 689 5441 qui
708 5381 829 5428 mortuus
848 5380 890 5429 est
908 5374 933 5428 d.
952 5374 984 5427 V.
1002 5388 1036 5426 m.
1055 5370 1115 5424 Jan
1136 5385 1160 5424 a
1178 5368 1372 5423 MDCXXXII.

594 5460 624 5527 3)
642 5459 674 5513 in
690 5459 741 5516 vol.
761 5458 873 5515 Caeseti.
889 5460 1003 5529 primum
1021 5455 1165 5512 distichum
1181 5455 1288 5511 omissis
1304 5455 1411 5510 duobus
1430 5454 1635 5524 insequentibus
1652 5457 1705 5513 hoc
1723 5458 1859 5527 sequitur:

977 5545 1028 5610 At,
1048 5540 1204 5608 Goeddoee,
1222 5541 1272 5596 tibi
1287 5542 1396 5612 petrium
1413 5539 1490 5597 Deus
1509 5541 1633 5610 eddidit,
1651 5549 1683 5599 ut
1699 5544 1739 5599 ais

1013 5630 1102 5685 &aas
1120 5628 1158 5683 od
1175 5629 1279 5684 octena
1290 5627 1361 5695 juro
1377 5626 1495 5682 carendo
1512 5627 1582 5683 boni.
