5409 7267
1126 1175 1359 1242 Hermannus
1388 1173 1561 1240 Wolllius

577 1312 755 1379 Domestico
776 1310 907 1377 Ioannis
928 1308 1037 1375 fratris
1059 1307 1199 1391 exemplo
1219 1308 1304 1375 velut
1325 1307 1498 1374 Milthiadis
1519 1305 1672 1390 trophaeo
1694 1304 1916 1373 Themistocles
1938 1307 2092 1374 excitatus
2114 1305 2213 1375 arten

479 1413 631 1479 medicam
650 1415 714 1477 tam
737 1427 917 1493 operosam,
939 1426 1032 1491 quam
1046 1407 1241 1474 fructuosam
1261 1408 1331 1474 aliis
1352 1425 1415 1474 non
1434 1407 1537 1473 minus
1555 1406 1699 1472 Basileae
1716 1412 1749 1472 et
1768 1409 1801 1471 in
1815 1405 1919 1489 Itala,
1940 1424 2035 1489 quam
2048 1405 2213 1491 Marpnrgi

480 1514 513 1576 in
531 1511 635 1595 patria
648 1510 818 1576 Academia
833 1526 954 1574 summa
970 1508 1064 1573 animi
1080 1508 1280 1574 contentione
1301 1513 1508 1589 persequutus
1531 1511 1590 1589 est,
1612 1525 1708 1589 quum
1727 1523 1832 1572 omnes
1846 1506 1969 1573 labores
1983 1507 2215 1587 exantlavIsset,

481 1629 559 1694 quos
578 1610 679 1676 isthoc
698 1610 733 1675 iu
754 1608 857 1675 stadio
888 1607 1089 1674 decurrentes
1114 1608 1267 1673 sustinere
1295 1625 1420 1673 necesse
1449 1611 1517 1689 est,
1560 1605 1611 1672 die
1632 1606 1678 1671 XI
1697 1604 1806 1671 Martii
1835 1623 1916 1671 anno
1935 1605 2114 1672 Moxxcv
2139 1606 2215 1673 Pro

481 1715 604 1776 motore
632 1707 827 1775 Schdnleldio
858 1707 986 1774 honnus
1015 1707 1153 1788 supremi
1185 1708 1268 1787 cepit
1298 1706 1448 1787 insignia,
1485 1710 1518 1771 et
1556 1706 1588 1771 in
1629 1705 1744 1771 abditis
1778 1709 1872 1787 atoue
1907 1705 2074 1771 reconditis
2110 1724 2216 1772 rerum

482 1809 673 1876 naturalium
696 1807 814 1873 caussis
836 1806 1024 1890 explicandis
1056 1806 1097 1871 ad
1128 1805 1159 1871 id
1187 1823 1301 1871 munus
1327 1805 1368 1871 ab
1390 1804 1559 1871 Academia
1585 1805 1705 1870 accitrm
1735 1822 1862 1887 operam
1888 1804 2033 1886 deinceps
2053 1806 2159 1888 posuit
2183 1810 2216 1871 et

482 1908 618 1976 studium
638 1906 853 1988 solertissime,
879 1906 912 1971 id
934 1905 1018 1987 quod
1038 1904 1088 1970 vel
1107 1905 1249 1987 inprimis
1272 1923 1289 1970 e
1313 1904 1455 1971 Cornelii
1482 1904 1606 1971 Velera'i
1623 1904 1764 1988 Physica
1785 1903 2027 1971 Conmentariis
2047 1904 2087 1970 ab
2109 1903 2216 1971 eodem

481 2008 642 2073 illustrata
670 2006 848 2088 perspicere
879 2009 976 2087 est1).
1028 2004 1232 2071 Postmodum
1267 2023 1365 2087 quum
1394 2003 1610 2070 SchonIeldius
1644 2004 1827 2070 excessisset
1862 2022 1879 2069 e
1915 2004 2010 2085 vivis,
2049 2005 2217 2088 discipulus

482 2125 565 2173 anno
588 2105 725 2172 MDXCI
744 2106 777 2170 in
799 2105 937 2171 statione
956 2103 1079 2170 Medica
1101 2105 1222 2187 excepit
1249 2110 1501 2187 praeceptorem,
1537 2103 1690 2186 simulque
1709 2103 1835 2169 hiennio
1855 2107 1944 2186 post,
1971 2121 2052 2169 anno
2074 2104 2216 2171 videlicet

483 2205 587 2273 XCIII
608 2210 787 2289 susceptum
799 2205 988 2271 Rectoratus
1010 2223 1123 2270 munus
1138 2204 1282 2287 expleuit.
1324 2205 1369 2269 At
1389 2222 1461 2269 vero
1483 2223 1577 2286 quum
1596 2204 1693 2285 ipsius
1712 2221 1808 2285 opera
1825 2208 1956 2285 propter
1976 2204 2055 2270 artis
2073 2205 2217 2287 peritiam

482 2311 516 2371 et
535 2323 640 2371 rerum
661 2323 752 2372 usum
774 2305 880 2386 magni
904 2305 1031 2371 omuino
1056 2303 1159 2384 fieret,
1190 2321 1270 2368 anno
1290 2301 1421 2369 DXCVI
1444 2303 1485 2369 ab
1512 2303 1673 2369 illustriss.
1694 2302 1828 2368 Hassiae
1849 2302 2048 2385 Landgravio
2069 2304 2216 2371 Mauritio

485 2405 642 2471 Cassellas
663 2406 697 2470 in
717 2404 821 2470 aulam
841 2410 992 2469 avocatus
1015 2411 1081 2483 est,
1111 2407 1230 2469 utnon
1258 2402 1360 2467 solum
1381 2402 1568 2468 valetudinis
1591 2403 1742 2485 Principis
1752 2404 1782 2484 ²)
1815 2421 1922 2468 curam
1942 2409 2083 2487 gereret,
2109 2423 2216 2471 verum

484 2505 579 2571 etiam
601 2505 706 2587 operis
726 2502 985 2569 Architectonicis
1006 2506 1187 2584 praeesset,
1219 2502 1301 2583 quod
1332 2508 1401 2567 arte
1433 2502 1534 2568 isthac
1560 2502 1702 2584 inprimis
1729 2502 1882 2568 hominem
1908 2504 2055 2569 delectari
2077 2504 2217 2569 animad-

486 2605 634 2670 vertisset
661 2603 826 2684 Princeps,
861 2602 915 2667 uhi
945 2600 1070 2667 tandem
1095 2619 1192 2682 quum
1218 2606 1350 2666 mortem
1379 2601 1438 2667 sibi
1464 2606 1593 2684 propter
1618 2602 1702 2667 uitae
1731 2600 1936 2684 brevitatem,
1971 2621 2033 2685 qua
2060 2603 2218 2670 hominnm

486 2703 716 2786 circumscripta
730 2711 779 2768 est
792 2708 891 2784 aetas,
912 2701 1070 2766 imminere
1085 2704 1235 2783 comeret,
1258 2704 1347 2766 satur
1368 2704 1438 2766 aevi
1458 2707 1491 2767 et
1510 2701 1629 2784 gloriae
1649 2718 1670 2765 a
1690 2719 1818 2783 corpore
1836 2703 1882 2768 ita
1902 2702 2053 2785 disjunxit
2073 2704 2218 2785 animum,

485 2807 521 2868 ut
541 2803 680 2884 quotidie
701 2802 796 2867 emori
817 2802 964 2883 disceret,
985 2818 1118 2883 eumque
1139 2801 1172 2864 in
1193 2800 1316 2867 modum
1338 2819 1422 2866 anno
1443 2802 1593 2868 Mhoxx
1614 2799 1731 2866 Christi
1752 2802 1876 2867 innixus
1897 2804 2017 2869 meritis
2038 2821 2056 2868 e
2074 2808 2219 2869 terrenae

485 2902 578 2987 hujus
605 2903 686 2969 vitae
712 2900 842 2967 sinodis
871 2900 1036 2981 emigravit
1060 2899 1276 2983 placidissime.
1328 2900 1407 2983 Ejus
1433 2899 1566 2982 effigiem
1595 2900 1628 2965 in
1654 2902 1922 2981 tetragrammatis
1943 2904 2007 2969 suis
2028 2903 2074 2969 ita
2094 2904 2218 2968 ornavit

485 3001 616 3084 Eglinus

971 3097 1118 3167 Wolphiue
1136 3097 1312 3154 Hennam
1330 3097 1442 3153 Medico
1457 3097 1627 3153 cloriaaimus
1643 3103 1703 3153 orte

1002 3184 1135 3241 Mamtii
1148 3184 1245 3254 sactus
1264 3184 1407 3264 Mampsis
1427 3185 1561 3240 Hcsaicci

968 3270 1097 3338 Oliaim,
1115 3276 1178 3325 orate
1195 3270 1303 3340 wider
1322 3271 1459 3341 Physicas
1475 3271 1654 3341 Medicuaque
1666 3271 1812 3342 professor

1005 3357 1170 3426 Marpurqi,
1187 3358 1238 3411 hoc
1254 3355 1333 3409 cultu
1347 3356 1537 3425 susspiciendas
1556 3363 1622 3411 erat.

490 3466 548 3532 Cui
568 3464 639 3531 dein
660 3464 699 3530 H.
722 3461 896 3528 Fabronius
917 3460 977 3524 hoc
1004 3458 1127 3525 addidit
1146 3476 1348 3541 anagramma
1358 3459 1403 3540 ³):
1429 3459 1512 3527 USU
1534 3459 1666 3526 FIRMO
1689 3458 1896 3528 GALENUS:
1925 3481 1963 3527 ex
1984 3481 2046 3545 quo
2065 3464 2220 3547 colligItur

491 3562 750 3631 HERMANNUS
773 3557 978 3626 GUOLFIUS

968 3655 1044 3711 Nem
1061 3661 1087 3712 tc
1097 3657 1277 3726 persimiles,
1296 3656 1431 3727 Gaolpler',
1449 3671 1547 3713 nouem
1565 3656 1670 3713 Gaiano

1003 3741 1179 3813 Londpraoii
1195 3749 1222 3798 ct
1239 3742 1334 3798 Cottae
1348 3743 1464 3814 pulpito
1479 3743 1558 3799 claro
1573 3744 1687 3799 achotes

977 3828 1088 3884 Va'nhue
1103 3829 1261 3896 terdonam,
1279 3831 1355 3900 rapui
1371 3829 1547 3885 medicamine
1563 3832 1644 3898 mcci,

1005 3915 1144 3986 Fala'ca‘qua
1158 3916 1246 3986 sapas
1262 3915 1388 3972 morbide
1402 3916 1504 3971 ἆαωηα
1520 3933 1612 3972 manu.

971 4002 1045 4058 Hinc
1062 4018 1117 4058 aas
1130 4001 1214 4072 pinno
1229 4004 1325 4059 merite
1343 4003 1432 4059 dicere
1452 4003 1574 4058 (lolem

1004 4090 1093 4157 Aeque
1111 4094 1187 4143 tuum
1204 4093 1274 4145 recte
1291 4103 1388 4144 nemen
1404 4088 1436 4143 td
1453 4104 1530 4145 omer
1546 4088 1633 4145 habet

1191 4321 1366 4388 Nicolaus
1393 4321 1529 4388 Bruno.

592 4461 669 4527 Cum
690 4456 889 4525 Hermannus
907 4445 1049 4525 Wolffins
1075 4455 1226 4540 Principis
1254 4456 1356 4522 accitu
1383 4456 1416 4521 in
1440 4457 1546 4522 aulem
1573 4456 1786 4525 cassellensem
1807 4477 1841 4526 se
1861 4459 2064 4544 contulisset,
2090 4461 2219 4531 alterius

491 4578 615 4645 quoque
635 4559 743 4626 fratris
765 4558 899 4625 loannis
919 4556 1035 4624 Wolffii
1056 4575 1153 4639 opera
1172 4557 1205 4621 in
1226 4556 1300 4622 aula
1320 4555 1538 4639 Marpmgensi
1558 4562 1724 4641 occupata,
1749 4578 1789 4625 ne
1809 4559 1915 4626 studia
1933 4560 2053 4627 medica
2073 4561 2219 4646 elangue

492 4660 604 4727 fierent
623 4676 771 4742 prorsus,
791 4657 844 4723 hic
862 4673 944 4724 anno
958 4656 1137 4724 MDXCVII
1156 4661 1193 4722 ut
1214 4656 1367 4721 medicam
1385 4660 1484 4721 mmm
1506 4660 1595 4722 extra
1605 4659 1636 4741 ⁴)
1656 4657 1795 4724 ordinem
1817 4657 1958 4741 doceret,
1978 4660 2131 4744 Principis
2145 4680 2219 4729 cura

491 4766 524 4827 et
542 4761 634 4843 jussu
655 4757 859 4840 Marpurgum
886 4761 1033 4823 evocatus
1060 4760 1120 4823 est.
1168 4754 1230 4823 Sed
1254 4756 1452 4839 postmodnm
1481 4756 1624 4823 defuncto
1652 4757 1817 4825 Mdldnero
1843 4776 1926 4825 anno
1944 4759 2111 4827 MDxcix
2136 4762 2219 4830 iuter

490 4859 680 4944 professores
706 4856 878 4923 ordinarios
906 4855 1019 4924 docere
1042 4855 1149 4939 jussus
1177 4854 1357 4938 Physicam,
1387 4874 1467 4939 quae
1500 4856 1533 4922 in
1563 4859 1678 4923 natura
1704 4856 1908 4941 delitescunt,
1937 4878 2000 4926 non
2027 4860 2217 4944 quotidianis

491 4959 591 5026 solum
611 4955 936 5038 commentationibus,
957 4954 1179 5022 verumetiam
1198 4954 1461 5037 disputationibus
1482 4960 1630 5023 accurate
1651 4956 1834 5039 elaboratis,
1862 4958 1978 5026 evolvit
1997 4963 2031 5025 et
2052 4960 2219 5043 explicarit

491 5078 553 5127 non
573 5059 674 5125 minus
693 5055 803 5123 sedulo
824 5072 919 5138 quam
939 5058 1046 5137 mute,
1073 5054 1268 5136 triennioque
1294 5054 1390 5120 etiam
1410 5060 1484 5138 post
1502 5056 1535 5121 in
1554 5055 1771 5141 Philosophiae
1790 5057 1941 5126 menime
1964 5059 2087 5126 Deerni·
2102 5078 2216 5126 munus

593 5316 621 5384 1)
639 5314 773 5413 Physicen
790 5312 930 5413 protessus
947 5317 1007 5367 erat
1024 5315 1169 5381 ammonam
1185 5309 1221 5366 ad
1239 5309 1390 5370 medieim
1407 5310 1563 5368 cathedram
1576 5314 1696 5383 hanam,
1714 5313 1831 5372 Pistoris
1849 5314 2044 5374 anctoreinde·
2054 5332 2088 5375 ex
2105 5334 2130 5374 a.
2143 5319 2228 5375 lotos

590 5404 621 5639 Ξ
637 5399 729 5626 iffi
738 5414 913 5626 {Thssomnssin
928 5483 1067 5542 wulfhun
1085 5499 1256 5555 unsaramma
1272 5500 1335 5543 cum
1351 5486 1544 5557 epigrammate
1561 5490 1651 5543 exstat
1666 5485 1696 5542 in
1713 5485 1850 5545 rolumIne
1867 5488 2033 5547 cunedano.

650 5585 727 5642 mago
768 5587 886 5628 runonra
