5409 7267
482 954 530 1027 44

480 1142 654 1210 defunctus.
703 1137 913 1205 Paronfatmn
941 1158 1016 1205 sero
1044 1144 1092 1205 cst
1120 1138 1187 1221 ejns
1215 1138 1385 1205 memoriae
1410 1157 1431 1205 a
1453 1137 1577 1206 Joanue
1600 1139 1802 1219 Combachio,
1829 1134 2008 1222 professore
2032 1140 2229 1225 philosopho,

479 1242 640 1309 luculenta
661 1241 803 1307 oratione
830 1240 861 1304 in
884 1240 1040 1322 Panegyri
1060 1239 1246 1305 Academica
1267 1238 1386 1304 habita.
1433 1238 1569 1305 Libellos
1590 1240 1716 1323 scripsit
1735 1239 1839 1304 varios
1860 1238 2064 1321 Tbeolopicos
2084 1242 2228 1324 inprimis

481 1347 514 1409 et
527 1342 554 1425 ¹)
577 1341 619 1408 ad
638 1340 853 1423 Plriloloqiam
871 1338 1033 1420 facientes,
1056 1357 1074 1404 e
1094 1339 1205 1420 quihus
1226 1355 1344 1420 paucos
1365 1339 1474 1404 edidit.
1516 1340 1554 1404 11
1575 1340 1642 1421 ejus
1664 1339 1798 1422 effigiem
1820 1339 1859 1404 D.
1881 1337 2012 1420 Eglinus

966 1437 1122 1507 dimotaque
1139 1437 1253 1504 Doctor,
1270 1437 1371 1492 Divisi
1383 1453 1540 1507 praecoque
1556 1440 1632 1495 verbi

1000 1524 1157 1579 Moltherus
1175 1523 1281 1588 Senior,
1299 1524 1454 1593 cognitione
1472 1526 1555 1580 trium

967 1610 1143 1680 Liaqrcarum
1161 1609 1301 1675 excellens,
1320 1610 1372 1663 laec
1393 1610 1463 1665 lucet
1480 1611 1599 1681 imapine
1616 1613 1719 1679 orcitus,

1004 1696 1065 1767 Quo
1081 1712 1130 1752 nec
1148 1695 1313 1766 Philolopna
1330 1694 1440 1751 doctior
1458 1696 1529 1751 oller
1545 1702 1606 1752 erat
1618 1697 1652 1766 ¹).

1124 1893 1331 1962 Balthasar
1359 1893 1584 1962 Mentzerus.

605 2065 656 2130 Ad
684 2062 820 2129 Hassiee
847 2060 912 2127 lere
936 2060 1068 2141 limites,
1098 2059 1153 2141 qui
1171 2059 1214 2124 ad
1234 2055 1416 2139 Werrham,
1445 2059 1591 2141 oppidum
1618 2065 1669 2126 est
1697 2060 1832 2127 Hassiae
1858 2061 2039 2145 Principum
2065 2081 2085 2128 a
2112 2062 2229 2131 Salluis

483 2168 605 2235 illustre
632 2168 805 2243 notumque
834 2159 975 2225 omnibus
1003 2158 1139 2240 factum,
1166 2161 1200 2223 et
1221 2157 1460 2224 Allendorffium
1488 2159 1529 2224 ad
1549 2160 1674 2226 Salinas
1701 2160 1874 2228 Hassiacas
1903 2162 2147 2228 denominatum.
2191 2161 2230 2230 Id

481 2266 617 2350 patriam
635 2268 746 2330 nactus
757 2260 937 2326 Mentzerus
960 2262 1034 2341 post
1053 2259 1177 2340 patriae
1198 2256 1336 2323 scholam
1349 2257 1516 2340 Marpurgi
1535 2261 1661 2341 optimis
1685 2260 1828 2326 eruditus
1848 2260 2019 2343 disciplinis
2039 2279 2098 2345 per
2120 2278 2230 2328 omues

481 2367 635 2432 honorum
656 2361 912 2428 scholasticorum
936 2357 1053 2441 gradus
1076 2357 1235 2437 aseendit,
1263 2361 1296 2422 et
1323 2356 1541 2439 Philosophiae
1562 2360 1682 2441 pariter
1707 2366 1804 2442 atque
1832 2359 2022 2443 Theologiae
2045 2378 2174 2444 operam
2194 2360 2230 2427 in

481 2465 542 2532 hac
567 2461 735 2529 Academia
760 2458 889 2523 navavit
915 2474 1043 2539 prorsus
1080 2456 1248 2537 egregiam.
1307 2456 1422 2522 Pastor
1450 2456 1609 2524 Ecclesiae
1635 2458 1852 2525 Kirtorffensis
1886 2459 2088 2525 constituitur
2117 2461 2229 2544 primo,

481 2564 616 2645 indeque
636 2562 670 2626 in
691 2560 795 2625 locum
815 2556 970 2623 Arcularii
990 2555 1140 2622 suffectus
1166 2573 1249 2620 auno
1272 2556 1471 2637 nonagesimo
1497 2563 1586 2622 sexto
1607 2576 1705 2639 supra
1726 2558 1922 2623 millesimum
1944 2559 2230 2641 quingentesimum

482 2670 515 2730 et
536 2664 657 2727 Doctor
675 2662 874 2740 nuncupatus
896 2673 976 2721 anno
998 2655 1221 2721 sexcentesimo
1248 2654 1365 2737 Ephori
1387 2674 1499 2722 munus
1521 2657 1680 2723 sustinuit.
1725 2658 1804 2724 Post
1823 2676 1894 2724 cum
1917 2657 2173 2724 Wiuclrelmanno
2195 2663 2230 2724 et

481 2760 658 2829 Leuchtero
679 2758 823 2824 Giessam
846 2754 1023 2835 contendit,
1043 2756 1096 2820 uhi
1117 2755 1279 2819 Professor
1300 2754 1488 2837 Theologiae
1511 2756 1629 2837 factus,
1655 2775 1717 2821 non
1740 2757 1841 2822 solum
1862 2758 1894 2823 in
1915 2757 2099 2839 Academia,
2118 2775 2229 2823 verum

484 2862 579 2929 etiam
593 2856 734 2923 Ecclesia
748 2853 899 2936 singulari
918 2853 1104 2935 industriae,
1124 2854 1312 2937 prudentiae
1333 2861 1366 2919 et
1387 2854 1584 2936 eloquentiae
1604 2854 1699 2921 laude
1719 2861 1863 2938 suscepto
1880 2856 2007 2922 functus
2027 2861 2078 2921 est
2099 2873 2229 2922 munere

483 2965 517 3027 et
537 2958 661 3040 scriptis
688 2955 825 3038 patriam
850 2960 883 3019 et
904 2953 1107 3018 reformatam
1134 2952 1317 3034 aPrincipe
1343 2953 1525 3034 religionem
1552 2956 1745 3037 oppugnavit
1772 2955 1889 3036 ingenii
1915 2955 1964 3021 sui
1992 2954 2171 3021 excellentis
2194 2962 2230 3023 et

484 3056 650 3126 exercitati
677 3055 756 3120 satis
784 3055 873 3119 varia
901 3059 998 3135 atque
1025 3070 1100 3116 rara
1123 3070 1193 3117 curn
1221 3051 1413 3133 eruditione,
1440 3059 1506 3117 tum
1535 3072 1640 3118 rerum
1670 3053 1924 3135 Theologicarum
1948 3054 2031 3120 scitu
2059 3054 2230 3137 dignarum

484 3155 729 3239 explicatione³l
766 3151 892 3217 refertis
924 3152 1113 3234 dopmaaca
1148 3154 1180 3215 et
1205 3150 1375 3231 polemicis
1413 3153 1619 3218 monumentis
1655 3170 1749 3235 qnam
1780 3153 1922 3235 plurimis
1953 3154 2088 3235 sparsim
2123 3154 2229 3239 editis,

506 3273 565 3322 uae
585 3258 662 3321 suut
670 3254 702 3335 ⁴)

484 3274 506 3338 q
609 3353 687 3435 Ejus
718 3348 800 3415 iconi
827 3349 861 3413 in
885 3364 976 3428 aere,
1002 3346 1193 3429 Dilectione,
1222 3347 1284 3414 fide
1311 3352 1345 3414 et
1370 3366 1427 3429 spe
1453 3349 1649 3433 astantibus,
1674 3351 1814 3434 inciso⁸)
1840 3350 1873 3416 hi
1893 3348 2009 3417 Beruh.
2031 3349 2231 3418 Osterbaurii

484 3471 591 3521 verses
613 3449 760 3532 asscripti
779 3448 928 3531 leguntur

967 3546 1113 3602 Pataram
1132 3544 1241 3612 Lector,
1258 3561 1341 3615 quom
1359 3547 1455 3614 1111ιὲ1,
1471 3547 1564 3619 imcqc
1579 3549 1694 3618 pionem
1713 3555 1760 3617 eet,

1002 3631 1123 3702 Sprwera
1141 3629 1279 3687 0111111111
1297 3632 1346 3700 qui
1359 3634 1465 3702 pietate
1482 3636 1583 3690 colunt

967 3717 1111 3787 Affalqent
1131 3716 1264 3782 01111111,
1282 3718 1401 3772 Dilectic
1421 3719 1542 3789 Spesque
1560 3721 1706 3791 aruaque,

1006 3802 1088 3872 Quoia
1104 3802 1163 3856 siae
1178 3801 1306 3856 mortalia
1323 3817 1401 3859 nemo
1420 3804 1515 3861 beatus
1534 3807 1594 3861 erit.

1136 4000 1301 4069 loannes
1333 4002 1571 4087 Schollins·).

606 4169 666 4234 Hic
685 4166 805 4231 Hessus
826 4164 1002 4245 etquidem
1022 4163 1287 4248 Battimontanus,
1308 4167 1439 4235 loannis
1456 4170 1581 4236 Molteri
1603 4169 1663 4238 fuit
1682 4175 1901 4260 sympatriota,
1923 4183 2058 4261 agnatus
2079 4185 2113 4245 et
2134 4178 2227 4246 disci·

483 4270 593 4353 puluS,
622 4267 678 4349 qui
704 4270 811 4330 noctes
839 4263 969 4346 diesque
996 4264 1029 4328 in
1056 4266 1193 4330 omnium
1220 4268 1433 4334 doctrinarum
1462 4270 1667 4338 meditatione
1700 4278 1845 4341 versatus
1873 4276 1905 4341 id
1931 4277 2085 4345 indefesso
2111 4279 2228 4345 meruit

484 4368 598 4448 studio,
619 4372 655 4432 ut
675 4369 840 4448 postquam
855 4362 1031 4430 Moltherus
1043 4363 1248 4448 Fridbergam
1268 4367 1474 4451 discessisset,
1492 4360 1623 4453 propter
1643 4372 1787 4440 eximiam
1801 4375 2008 4443 eruditionem
2028 4379 2120 4443 Anno
2134 4377 2227 4445 Mnc

484 4468 525 4534 ad
546 4464 720 4532 docendum
741 4463 896 4544 Linguam
917 4460 1067 4528 Sanctam
1087 4464 1298 4532 adhiberetur.
1348 4466 1467 4534 Verum
1487 4471 1698 4552 quinquennio
1718 4479 1804 4557 post,
1828 4493 1925 4556 quum
1946 4476 2120 4544 Moltherus
2132 4479 2163 4561 ’)
2185 4476 2227 4544 ad

483 4565 682 4633 Academiam
702 4567 912 4645 revocaretur,
934 4562 987 4628 ille
1009 4564 1144 4630 vicissim
1165 4566 1206 4630 ad
1228 4565 1400 4632 docendam
1420 4567 1592 4635 Ecclesiam
1605 4569 1864 4656 Fridhergensem
1887 4574 2072 4658 accitasse
2094 4594 2129 4643 se
2150 4593 2226 4643 cou-

483 4665 557 4731 tulit
575 4663 751 4748 ibidemque
778 4680 841 4727 non
868 4661 914 4727 ita
939 4662 1037 4729 multo
1065 4668 1137 4746 post
1164 4665 1287 4731 caelebs
1314 4665 1416 4732 adhuc
1444 4667 1477 4731 in
1497 4667 1565 4750 ipso
1585 4672 1700 4738 aetatis
1729 4672 1807 4740 flore
1829 4679 2003 4741 extremum
2025 4674 2107 4742 diem
2128 4675 2226 4745 obiit:

483 4764 532 4831 uir
550 4763 660 4845 utique
684 4763 803 4845 pietate
825 4765 858 4827 et
879 4762 1054 4828 eruditione
1074 4764 1204 4845 insignis
1216 4766 1255 4847 ⁸).

587 4938 616 5006 1)
634 4942 661 4991 et
677 4936 768 4992 omisit
783 4934 880 4990 Tilem.

586 5022 617 5091 2)
635 5019 687 5089 Qui
704 5036 721 5076 a
738 5021 834 5077 Tilem.
853 5020 988 5078 adduntur
1006 5028 1120 5090 quatuor
1136 5038 1239 5095 versus,
1256 5039 1311 5080 uon
1328 5032 1437 5083 exstant
1453 5028 1528 5099 apud
1546 5029 1601 5087 Dil.

586 5109 616 5175 3)
634 5107 725 5176 Imago
742 5105 884 5162 Mentzeri.

585 5192 622 5334 A}
632 5192 753 5248 Dimidia
780 5192 838 5248 fere
866 5192 983 5262 paginae
1009 5207 1073 5262 pars
1101 5209 1187 5251 nocua
1210 5194 1373 5265 relinquitur
1406 5200 1595 5257 enumerandis
1625 5201 1760 5260 Mentseri
1789 5203 1881 5273 libris,
1910 5220 2025 5274 quorum
2057 5218 2156 5273 magun
2185 5211 2228 5262 est

485 5277 579 5350 series,
624 5278 749 5335 estiuata

585 5366 616 5434 t)
635 5364 775 5421 Verbeia
792 5380 855 5420 aere
874 5394 907 5405 -
925 5365 1021 5432 inciso,
1039 5379 1110 5433 quae
1128 5364 1187 5423 cod.
1206 5368 1235 5424 in
1253 5371 1374 5440 margine
1393 5374 1510 5445 exhibet,
1528 5374 1619 5430 omisit
1639 5374 1735 5432 Tilem.

587 5450 617 5518 6)
634 5449 714 5504 Hunc
732 5450 822 5505 omisit
841 5449 937 5505 Tilena

587 5536 617 5605 7)
635 5535 726 5591 Locus
744 5536 877 5605 imaginis.

586 5621 616 5689 8)
634 5620 723 5678 Parvo
740 5621 809 5677 haec
828 5622 863 5677 ab
880 5622 1040 5693 insequente
1055 5624 1110 5681 rita
1127 5633 1270 5694 separatur
1287 5628 1386 5697 spatio.
