5409 7267
2172 981 2219 1050 89

487 1200 614 1249 munera
641 1184 807 1266 quinquies
835 1187 868 1250 et
887 1183 1028 1249 Rectoris
1054 1181 1214 1264 prouincia
1241 1181 1337 1247 semel
1366 1183 1403 1247 Α.
1426 1182 1461 1248 0.
1482 1181 1665 1251 MDLXXII
1690 1185 1918 1253 ammnuna
1967 1187 2098 1269 longini
2122 1188 2220 1270 ipsius

487 1283 564 1349 baec
584 1284 730 1366 ascripsit
748 1284 896 1366 Pagnuus
917 1299 1000 1349 anno
1020 1281 1187 1348 MDLXIV
1691 1354 1694 1358 ,

842 1414 851 1426 ·
968 1382 1085 1437 Amaia
1102 1380 1170 1452 qaid
1187 1379 1293 1436 Pbocbi
1304 1379 1397 1448 facies
1413 1385 1470 1435 mm
1486 1381 1576 1437 nobile
1591 1382 1684 1452 spirat

1003 1467 1188 1539 Syderaaspae
1200 1466 1295 1536 facea,
1313 1466 1517 1537 Paeoniamqac
1534 1468 1664 1525 aaran?

968 1554 1084 1609 Mancre
1101 1550 1284 1623 &winfridus
1300 1568 1329 1608 ae
1353 1553 1510 1609 Victorinus
1527 1559 1643 1626 unoque

1000 1641 1120 1697 Jactitat
1136 1645 1163 1696 et
1178 1645 1242 1695 noto
1256 1638 1346 1709 pallet
1359 1640 1488 1710 abripior
1502 1642 1580 1711 pari.

968 1725 1032 1783 Sive
1049 1726 1135 1782 Poloa
1152 1729 1256 1797 operm
1270 1725 1432 1795 superisque
1448 1726 1581 1783 mannua
1599 1729 1691 1800 raonis

1002 1810 1110 1884 Sydera
1125 1827 1174 1867 seu
1191 1810 1310 1867 medieas
1327 1811 1462 1867 innitaris
1479 1828 1545 1883 opes
1556 1815 1579 1882 ¹)

968 1898 1046 1954 Haec
1060 1898 1109 1954 abi
1125 1903 1290 1955 ommni
1303 1897 1401 1966 soelici
1418 1896 1525 1969 sydone,
1538 1898 1632 1967 soelia

1001 1984 1110 2056 marsii
1126 1985 1223 2039 mor-ito
1241 1983 1348 2040 diem
1367 1999 1422 2039 asse
1437 1991 1528 2056 rapat

485 2078 576 2160 De²)
596 2079 705 2146 eodem
725 2081 811 2146 canit
832 2081 872 2146 H.
893 2080 1069 2147 Fabrouius
1092 2079 1125 2144 iu
1144 2077 1253 2159 Elegia
1275 2076 1314 2143 de
1331 2076 1499 2144 Academia
1519 2077 1752 2162 Mnrpurgeusi:

973 2195 1079 2251 Virtuti
1093 2209 1181 2249 conus
1197 2198 1239 2249 ert
1256 2194 1338 2249 etiam
1354 2190 1451 2249 aona
1468 2193 1612 2262 Mabbcaia,

1003 2281 1080 2351 Quae
1093 2281 1175 2336 ⁴docet
1190 2280 1309 2335 merei
1326 2278 1420 2335 eidem
1436 2280 1508 2335 orlaa
1525 2279 1600 2336 Pali

967 2367 1095 2437 Namque
1106 2366 1195 2422 Polus
1207 2364 1343 2434 majana
1362 2372 1447 2422 unat:
1464 2366 1542 2422 Deua
1556 2367 1740 2425 ammaoni

1000 2454 1043 2509 Et
1056 2458 1196 2523 parapant
1206 2451 1303 2521 damac
1322 2458 1398 2508 terra
1411 2453 1553 2524 salam
1570 2455 1656 2509 vicem

967 2539 1077 2596 Semina
1088 2537 1198 2610 paaotdo
1209 2539 1273 2594 boni
1282 2545 1468 2610 sparpantqac
1477 2546 1631 2610 metantque
1639 2540 1738 2608 οοῑωιὲ,

1003 2625 1119 2697 Qrando
1138 2623 1196 2680 dies
1212 2630 1314 2690 mater,
1331 2623 1442 2695 wando
1459 2640 1577 2680 aenaea
1592 2624 1658 2681 dica.

968 2710 1043 2783 Quid
1059 2713 1136 2767 conia
1153 2710 1291 2781 Eriponea
1303 2710 1404 2779 saciat,
1422 2710 1491 2781 qaid
1506 2727 1628 2780 apaosaa
1643 2710 1737 2779 Orion,

1003 2797 1077 2868 Qaid
1094 2798 1190 2867 lapus,
1209 2802 1260 2852 aut
1275 2796 1404 2867 Hyades,
1421 2796 1618 2868 Eridanuapae
1636 2799 1711 2855 celer.

964 2886 1037 2940 Aere
1051 2883 1119 2954 paid
1136 2884 1225 2939 aistis
1239 2882 1362 2954 desiperet
1377 2884 1458 2938 mua
1476 2882 1607 2950 Canem

998 2972 1058 3027 Aut
1073 2986 1130 3039 pua
1146 2969 1195 3026 Sol
1210 2968 1308 3025 radios
1324 2968 1402 3025 abdit
1418 2970 1449 3025 ia
1458 2972 1485 3036 ⁸)
1503 2970 1566 3025 orbe
1582 2985 1655 3026 asoa.

966 3056 1046 3113 olore
1063 3058 1107 3111 vir
1129 3056 1250 3112 Uraniae
1267 3055 1371 3110 dadan
1385 3057 1509 3127 spaciate
1523 3072 1577 3127 per
1590 3072 1675 3123 areca

998 3142 1172 3211 Sabdaselda
1189 3143 1257 3198 baec
1274 3143 1357 3198 ctiam
1372 3143 1468 3198 mania
1486 3139 1582 3197 ᾶοοιιιε
1601 3142 1667 3197 obis.

485 3246 692 3328 Caeteroquin
720 3266 816 3329 quum
838 3248 1015 3315 Brabeutae
1043 3253 1150 3330 partes
1177 3247 1325 3314 subiisset
1353 3247 1480 3330 saepius
1507 3251 1541 3312 et
1571 3263 1720 3328 perquam
1745 3246 1862 3313 -multos
1886 3253 1920 3314 et
1935 3249 2160 3318 Baoaalaureos
2182 3258 2216 3318 et

484 3346 652 3427 Magistros
674 3352 707 3413 et
727 3349 806 3413 artis
826 3347 966 3414 Medicas
986 3349 1137 3413 Doctores
1167 3351 1321 3429 creasset,
1352 3346 1536 3427 fidelemque
1561 3363 1692 3428 prorsus
1714 3346 1902 3413 Academiae
1920 3348 2039 3414 XXXV
2060 3367 2214 3417 annorum

484 3445 638 3512 curriculo
659 3452 807 3512 navasset
827 3464 968 3529 operam,
990 3447 1116 3511 taudem
1131 3463 1281 3511 annorum
1301 3454 1334 3510 et
1355 3445 1450 3511 seculi
1472 3444 1563 3527 hujus
1584 3449 1731 3511 saturer
1751 3445 1810 3512 bac
1827 3448 1893 3513 vita
1913 3447 2012 3513 veluti
2033 3466 2052 3514 e
2073 3449 2213 3517 tenebris

483 3550 516 3610 at
537 3563 661 3611 carcere
681 3546 714 3610 in
733 3546 833 3612 lucem
861 3546 947 3611 illam
973 3547 1157 3611 immensam
1177 3544 1309 3610 excessit
1329 3545 1407 3610 XIII
1424 3544 1509 3609 Junii
1530 3561 1611 3609 auno
1632 3543 1768 3611 MDXCI
1795 3545 1827 3610 in
1851 3545 1929 3613 aede
1948 3546 1988 3613 D.
2011 3547 2212 3615 Elizabethce

455 3703 461 3711 .
483 3644 633 3710 conditus.

1160 3887 1325 3956 loannes
1348 3888 1532 3957 Woliiius.

580 4040 670 4104 Anno
681 4038 711 4122 ⁴)
731 4036 943 4103 MDXXXVII
963 4038 1150 4121 AugustiX
1179 4039 1229 4106 die
1250 4039 1389 4106 Ioannes
1413 4039 1542 4105 Wolfius
1571 4040 1604 4105 in
1630 4039 1743 4122 oppido
1770 4039 1912 4106 Ducatns
1938 4039 2097 4123 BipontIni
2128 4044 2211 4124 quod

483 4141 642 4206 Tabernas
660 4142 841 4221 montanas,
861 4137 1062 4223 sergiolum,
1096 4144 1226 4220 vocant,
1262 4145 1358 4205 natus
1386 4146 1477 4223 patre
1501 4140 1585 4205 illius
1615 4139 1722 4223 oppidi
1752 4145 1916 4226 praetore,
1952 4158 2047 4223 quum
2073 4141 2211 4210 nudate

482 4239 606 4324 publica
627 4238 791 4305 metiretur
812 4240 926 4321 omnia,
947 4256 1015 4305 sese
1035 4257 1056 4304 a
1075 4239 1246 4323 puerilibus
1268 4239 1437 4324 disciplima
1459 4239 1501 4306 ad
1522 4238 1733 4323 philosophica
1753 4243 1787 4305 ct
1804 4239 1924 4306 medica
1942 4237 2048 4305 studia
2068 4241 2211 4325 contulit,

482 4346 517 4407 et
543 4340 575 4405 in
603 4337 724 4405 erudito
752 4337 812 4405 boa
838 4338 966 4421 puluere
991 4339 1038 4405 ita
1061 4344 1205 4406 versatus
1234 4344 1299 4422 est,
1330 4344 1367 4406 ut
1397 4339 1496 4406 omnis
1523 4338 1673 4405 scientiae
1698 4355 1845 4405 numeros
1874 4338 2013 4405 obtinere
2041 4339 2209 4409 videretur.

481 4438 620 4519 Ideoque
653 4438 702 4503 vir
728 4456 850 4504 summo
879 4438 1004 4520 iugenio
1033 4444 1066 4505 et
1094 4440 1241 4506 scientiae
1268 4440 1358 4522 copia
1384 4438 1461 4505 XVI
1488 4437 1561 4505 Feb.
1590 4456 1673 4504 anno
1698 4436 1909 4505 MDLXXIIX
1939 4437 1973 4504 in
1999 4439 2209 4522 professorum

481 4555 644 4603 numerum
671 4542 835 4620 cooptatus
866 4537 899 4602 iu
933 4538 1044 4605 studiis
1074 4538 1200 4605 medicis
1232 4538 1428 4605 illustrandis
1459 4543 1491 4605 et
1522 4537 1693 4605 enatandis
1730 4556 1849 4605 summe
1880 4536 2079 4621 allaboravit,
2114 4538 2209 4622 idque

482 4655 608 4719 operam
618 4640 647 4719 ⁸)
676 4636 763 4703 dedit
781 4637 963 4720 praecipue,
990 4643 1027 4704 ut
1054 4644 1155 4706 artem
1175 4638 1275 4721 ipsam
1303 4637 1345 4703 ad
1366 4656 1459 4706 usum
1486 4643 1650 4713 revocaret
1676 4643 1710 4704 ct
1732 4624 2000 4721 exmdtatiouem,
2027 4637 2111 4721 qnod
2139 4656 2208 4706 earn

482 4756 545 4802 non
573 4743 639 4802 tam
666 4737 877 4819 praecipiendi
903 4736 1092 4819 subtilitate,
1123 4754 1217 4819 quam
1245 4737 1361 4820 agendi
1385 4736 1574 4805 dextedtme
1599 4742 1634 4803 et
1663 4735 1793 4803 solertia
1819 4735 2045 4804 aestimandam
2071 4737 2206 4806 duceret.

566 4996 609 5057 l)
627 4992 718 5060 Imago
735 4988 898 5046 Sabbudeldi.
2028 5013 2032 5022 ·

578 5082 607 5145 2)
625 5078 702 5134 Haec
717 5076 800 5132 rerba
816 5092 878 5131 oum
893 5064 1021 5132 Fabronii
1038 5076 1157 5133 carmina
1173 5077 1202 5131 in
1220 5076 1273 5131 due
1290 5074 1363 5131 ritae
1381 5075 1535 5133 schontddi
1553 5064 1656 5145 scripta
1673 5080 1749 5146 suut,
1769 5075 1818 5132 aad
1836 5076 1913 5146 siguo
1931 5074 2026 5133 addito
2044 5078 2161 5146 postbac
2179 5080 2206 5134 iu

479 5168 550 5222 bane
566 5164 657 5221 locam
673 5162 769 5219 relata

577 5252 606 5319 3)
624 5249 775 5306 Fabronius
791 5250 819 5304 in
836 5248 897 5305 Vol.
915 5248 990 5305 Gaas.
1007 5247 1091 5303 babet
1108 5248 1150 5303 ab.

575 5336 605 5404 4)
621 5334 699 5391 Haec
715 5336 798 5391 verba
812 5350 898 5405 usque
915 5334 951 5391 ad
964 5339 1094 5405 praciam
1111 5333 1140 5389 iu
1156 5333 1276 5404 marglm
1292 5331 1399 5390 addidit
1413 5331 1482 5401 Dil,
1507 5343 1558 5401 per
1575 5344 1695 5387 morani
1711 5321 1820 5401 l'apsus‚
1836 5337 1867 5387 ut
1883 5336 1998 5401 apparat
2015 5345 2050 5388 ax
2066 5333 2113 5404 iis,
2133 5350 2204 5405 quae

478 5428 571 5479 ronna
586 5421 735 5477 Freherum
752 5437 803 5478 sua
818 5421 881 5478 binc
896 5425 1066 5491 repetentem
1087 5435 1105 5475 a
1121 5418 1258 5477 Striedaro
1275 5419 1352 5477 xvn
1371 5436 1398 5490 p.
1416 5420 1468 5475 278
1484 5416 1587 5474 monita
1602 5422 1674 5474 smt
1708 5415 1778 5473 liam
1792 5416 2016 5487 llarpurgcmam
2038 5434 2094 5476 non
2116 5419 2203 5477 solum

478 5507 609 5565 Pistorius
628 5522 690 5564 eum
707 5507 840 5578 appellat,
859 5507 908 5565 sed
924 5506 986 5577 ipsa
1002 5521 1033 5564 ae
1050 5505 1117 5563 dicit
1132 5507 1161 5563 iu
1174 5506 1247 5564 Albo
1265 5506 1352 5579 acad,
1376 5519 1464 5575 neque
1480 5502 1627 5561 verisimile
1644 5510 1699 5573 ast,
1715 5505 1772 5572 jam
1790 5503 1839 5561 illo
1856 5518 1927 5561 anuo
1943 5518 2008 5560 aum
2023 5512 2116 5564 ustum
2134 5522 2202 5564 esre.

577 5594 607 5662 5)
624 5594 713 5649 Locus
731 5608 861 5663 imaginis.
