5409 7267
485 1006 531 1076 64

484 1211 606 1276 illectus
626 1209 660 1272 in
681 1203 820 1287 ejusdem
842 1204 975 1285 vestigia
997 1200 1216 1267 incurrendum
1239 1201 1364 1282 putavit
1385 1200 1453 1267 sibi.
1483 1202 1620 1284 Ideoque
1635 1208 1740 1268 mente
1753 1201 2062 1284 cogitationibusque
2083 1203 2117 1267 in
2129 1202 2227 1284 Juris·

482 1308 649 1392 prudentia
672 1303 780 1370 defixis
802 1302 937 1368 Galliam
957 1300 1117 1384 inprimis,
1147 1318 1227 1382 quae
1253 1305 1318 1365 bum
1349 1301 1447 1367 ueluti
1473 1302 1566 1367 ludus
1593 1307 1627 1366 et
1654 1300 1777 1366 officim
1801 1301 2071 1383 iurisprudentiae
2092 1302 2227 1384 patebat

484 1407 647 1487 omnibus,
669 1405 755 1470 adire
774 1404 890 1484 voluit,
910 1401 1094 1485 parentibus
1116 1399 1267 1466 defuntus
1288 1417 1410 1481 eorum,
1433 1419 1510 1482 quos
1531 1402 1684 1482 sanguine
1696 1402 1725 1482 ¹)
1745 1400 1939 1482 attingebat,
1959 1400 2088 1468 consilio
2109 1408 2144 1468 et
2164 1421 2225 1485 ope

483 1508 621 1590 adiutus.
663 1502 900 1570 Praecellebant
920 1519 957 1566 eo
978 1506 1116 1583 tempore
1143 1499 1236 1565 isthic
1262 1517 1333 1564 cum
1357 1501 1439 1566 omni
1461 1501 1615 1566 virtutum
1642 1506 1676 1566 et
1696 1501 1811 1566 artinm
1831 1519 1961 1582 genere,
1987 1506 2055 1567 tum
2079 1519 2154 1567 vero
2173 1501 2226 1568 vel

480 1608 561 1689 juris
579 1604 719 1687 inprimis
740 1601 949 1684 intelligentia
963 1599 1126 1666 clarissimi
1138 1600 1198 1663 riri
1213 1599 1306 1679 Baro,
1328 1599 1504 1682 Duarenus,
1524 1601 1691 1681 liebertus,
1713 1599 1868 1684 CuJacius,
1884 1599 2042 1682 Gomsius,
2061 1600 2225 1682 Douellm,

483 1706 673 1785 Balduinus,
703 1720 781 1785 quos
806 1702 977 1768 etiamnum
1003 1699 1136 1764 miratur
1164 1705 1196 1764 et
1226 1698 1370 1781 deinceps
1400 1699 1606 1766 admirabitur
1641 1700 1822 1783 posteritas.
1873 1699 1939 1766 Hos
1966 1701 2133 1783 plerosque
2158 1719 2226 1767 uon

483 1806 634 1872 audiebat
661 1803 784 1885 publice
805 1801 895 1866 modo
923 1800 1151 1880 assiduissime,
1180 1816 1288 1863 verum
1317 1799 1477 1865 etiamad
1505 1800 1630 1866 eosdem
1661 1818 1696 1865 se
1718 1799 1956 1866 familiarissime
1984 1801 2164 1883 applicabat
2189 1801 2225 1867 id

483 1903 752 1988 operaepretium
773 1906 864 1966 ratus
885 1900 935 1965 vel
963 1900 1107 1980 maxime,
1140 1898 1167 1963 si
1193 1897 1234 1962 ad
1261 1916 1387 1979 eorum,
1415 1917 1494 1980 quos
1514 1900 1547 1965 in
1572 1900 1643 1983 Jure
1669 1900 1886 1982 paratissimos
1915 1905 1949 1965 et
1969 1900 2098 1967 consilio
2124 1906 2225 1983 atque

411 2049 423 2060 --
483 2004 650 2089 prudentia
669 2002 825 2085 principes
848 2000 1058 2081 cognovisset,
1085 2016 1119 2064 se
1140 2016 1257 2080 suaque
1285 2000 1389 2064 omnia
1408 1997 1579 2081 effingeret
1630 2000 1765 2082 Ideoque
1795 2000 1843 2065 his
1872 2000 1997 2080 quidem
2027 2006 2059 2066 et
2086 2000 2171 2066 ritae
2190 2007 2226 2066 et

484 2091 643 2171 doctrinae
664 2102 825 2183 magistris
853 2106 886 2165 et
906 2099 1085 2165 doctoribus
1106 2117 1143 2164 ea
1164 2099 1251 2164 brevi
1274 2100 1423 2181 temporis
1445 2100 1550 2181 spacio
1570 2104 1604 2165 et
1625 2100 1721 2165 veluti
1740 2118 1796 2182 per
1817 2117 1939 2166 cursum
1958 2101 2108 2183 arripuit,
2142 2118 2227 2182 quae

483 2205 537 2271 alii
557 2204 608 2268 vix
629 2203 737 2267 multis
758 2202 864 2281 anuis,
895 2199 990 2281 adeo,
1017 2204 1053 2265 ut
1074 2200 1223 2281 vigesimo
1251 2198 1389 2264 secundo
1418 2200 1534 2264 aetatis
1563 2217 1645 2265 anno
1672 2217 1794 2265 summa
1821 2200 1855 2264 in
1876 2205 2009 2282 utroque
2023 2200 2096 2281 jnre
2114 2200 2226 2266 laurea

483 2306 618 2371 donatus
639 2301 734 2367 fuerit
755 2300 897 2366 Aureliis.
949 2301 1053 2381 Atque
1074 2298 1263 2380 sicquidem
1284 2316 1302 2362 e
1323 2298 1426 2363 Gallia
1447 2298 1545 2363 veluti
1572 2317 1590 2363 e
1615 2299 1799 2364 literaturae
1820 2298 1921 2364 omnis
1941 2300 2096 2381 emporio,
2124 2319 2224 2382 quum

483 2407 614 2487 propter
634 2400 855 2481 orthodoxam,
878 2418 971 2481 quam
994 2397 1215 2481 profitebatur,
1237 2397 1418 2478 religionem
1441 2397 1574 2462 reditum
1597 2398 1656 2464 sihi
1677 2400 1709 2462 In
1729 2399 1883 2481 patriam,
1906 2398 1960 2463 nbi
1980 2404 2048 2464 tum
2069 2403 2221 2483 temporis

482 2522 540 2587 per
560 2503 623 2568 rim
642 2500 847 2582 grassabatur
860 2501 1042 2564 immensum
1058 2497 1216 2578 Albanus,
1238 2498 1439 2563 interclusum
1457 2497 1590 2579 videret,
1612 2498 1735 2580 Spiram
1750 2497 1917 2563 Nemetum
1937 2498 1978 2564 ad
1999 2498 2075 2564 illud
2090 2500 2223 2566 Romani

483 2601 607 2685 Imperii
628 2600 767 2665 tribunal
788 2599 954 2664 contendit.
996 2599 1048 2664 lta
1069 2598 1152 2662 enim
1168 2615 1227 2678 pro
1248 2616 1294 2677 eo,
1315 2616 1378 2679 quo
1395 2597 1542 2679 pollebat,
1562 2599 1677 2663 mentis
1699 2600 1839 2664 acumine
1857 2599 2022 2681 iudicabat
2042 2600 2223 2681 prudentis-

484 2703 561 2768 sime
582 2702 615 2766 in
635 2698 731 2765 rebus
753 2697 929 2764 forensibus
949 2715 1039 2763 usum
1067 2701 1164 2778 atque
1193 2698 1445 2762 exercitationem
1471 2698 1626 2778 ingeniia
1654 2699 1814 2764 docuinae
1843 2697 2000 2780 elegantia
2023 2718 2222 2782 nequaquam

485 2799 712 2883 segregandam
733 2798 770 2879 ei,
792 2798 846 2877 qui
858 2795 982 2878 publica
996 2795 1135 2861 utilitate
1149 2795 1252 2861 metiri
1272 2797 1377 2878 cupiat
1390 2797 1503 2863 omnia.
1545 2796 1755 2879 Caeteroquirr
1767 2798 1826 2863 hoc
1839 2798 1871 2861 in
1883 2797 1950 2863 loco
1963 2817 2060 2880 quum
2073 2805 2222 2866 versatus

483 2907 568 2969 esset
588 2898 765 2976 triennium,
786 2894 1130 2978 comprehendissetque
1142 2894 1209 2961 fere
1226 2914 1273 2978 ea,
1294 2913 1426 2978 quorum
1440 2897 1544 2978 gratia
1562 2897 1666 2963 istlrnc
1678 2902 1817 2978 venerat,
1838 2897 1965 2962 tandem
1979 2898 2221 2966 clarissimorum

482 3003 620 3067 virorum
640 2999 680 3062 l).
703 2996 823 3077 Aegidii
842 2995 1014 3060 Mommerii
1039 3001 1072 3060 et
1100 2996 1140 3060 D.
1163 2995 1281 3076 Aggnei
1311 2995 1348 3060 de
1380 2995 1503 3061 Albada
1530 2997 1607 3079 Imp.
1630 2996 1780 3063 Gamerae
1801 2997 2002 3063 Assessorum
2027 2999 2156 3064 hortatu
2183 3018 2221 3066 ac

483 3118 581 3167 suasu
603 3098 807 3178 Marpurgum
828 3112 861 3157 se
883 3094 1031 3173 contulit,
1059 3098 1097 3157 ut
1123 3111 1203 3174 quae
1229 3093 1329 3159 multo
1356 3094 1463 3160 labore
1490 3095 1665 3177 didicisset,
1699 3096 1808 3161 eedem
1838 3115 1899 3162 non
1927 3097 2040 3162 minori
2060 3098 2217 3164 industria

483 3198 656 3280 impertiret
682 3194 786 3260 isthuc
813 3194 893 3258 aliis.
944 3193 1079 3273 Ideoque
1101 3193 1267 3274 impetrato
1293 3193 1479 3259 Academiae
1504 3195 1639 3275 primum
1667 3214 1819 3261 consensu
1850 3213 1932 3261 anno
1958 3196 2013 3262 Cb.
2035 3197 2218 3263 MDLXIIX

483 3296 628 3365 Octobris
649 3295 696 3361 XI
716 3299 805 3359 extra
826 3292 966 3357 ordinem
987 3290 1099 3357 docere
1120 3292 1222 3374 eoepit
1240 3293 1391 3374 gratis2).
1443 3292 1560 3359 Verum
1582 3312 1650 3360 cnm
1680 3295 1851 3379 majoribus
1874 3295 2019 3362 Theatris
2048 3298 2117 3380 ejus
2146 3317 2221 3380 pro·

482 3397 603 3480 positae
625 3399 731 3460 essent
743 3394 893 3472 virtutes,
915 3391 1093 3473 paulopost
1112 3390 1269 3457 illustriss,
1283 3392 1416 3458 Hassiae
1436 3393 1608 3475 principum
1622 3393 1780 3460 Guilielmi
1801 3400 1834 3460 et
1847 3395 1994 3462 Ludorici
2015 3415 2045 3478 p.
2060 3396 2090 3462 d.
2102 3398 2220 3479 judicio

482 3501 516 3563 et
536 3494 642 3562 studio
663 3491 851 3575 stipendium
871 3491 900 3557 ei
922 3491 1074 3556 statuitur
1092 3491 1130 3555 de
1150 3491 1291 3575 publico,
1319 3493 1571 3575 amplissimoque
1595 3494 1885 3560 Jureconsultornm
1906 3490 2006 3560 ordini
2028 3495 2217 3580 adscriptus,

482 3595 607 3676 eadem,
637 3611 700 3675 qua
728 3592 796 3674 alii,
828 3596 915 3657 sorte
940 3596 973 3657 et
997 3591 1122 3673 quidem
1142 3592 1290 3683 Forstero
1317 3586 1558 3674 Heidelbergam
1586 3593 1738 3675 abeunte,
1762 3594 1863 3676 prima
1891 3615 1909 3661 e
1934 3595 2085 3661 cathedra
2107 3596 2221 3663 docere

477 3694 658 3779 jubetur³).
701 3693 791 3756 Anno
811 3695 922 3771 postea
942 3689 1091 3755 lIDXXO
1111 3691 1309 3773 amplissimis
1337 3696 1504 3773 praeterea
1530 3692 1704 3759 honoribus
1734 3699 1766 3759 et
1795 3693 1951 3774 dignitate
1971 3692 2138 3761 decomtus
2161 3703 2219 3762 est.
2317 3714 2320 3722 ·

482 3796 562 3860 Nam
591 3797 624 3857 et
652 3790 782 3870 Reipub.
811 3789 1012 3853 Academicos
1038 3790 1248 3869 gubernacula
1275 3790 1321 3854 illi
1353 3790 1492 3870 regenda
1527 3790 1646 3856 tradita
1683 3797 1813 3858 suntet
1844 3793 1905 3874 ipsi
1933 3812 2055 3875 quoque
2082 3795 2219 3860 Hessius

465 3892 643 3973 'Principes
664 3889 732 3971 ejus
752 3888 948 3969 potissimum
969 3906 1065 3969 opera
1087 3888 1216 3953 seorsim
1238 3888 1270 3953 in
1291 3888 1427 3954 consiliis
1448 3895 1482 3954 et
1498 3907 1641 3973 supremo
1654 3892 1788 3958 Hassiae
1810 3893 1959 3958 tribunali
1979 3893 2025 3957 uti
2040 3893 2216 3978 volucrunt,

483 3994 594 4077 quibus
615 3993 646 4057 in
669 3988 784 4055 muniis
807 3988 957 4052 obeundis
979 3992 1074 4068 atque
1097 3988 1271 4053 tractandis
1294 3987 1433 4054 studium
1461 3990 1507 4057 ita
1535 3992 1642 4073 posuit
1663 4009 1769 4071 suum,
1802 3998 1839 4057 ut
1859 3991 2052 4074 Principibus
2073 3994 2216 4074 apprime

422 4137 425 4141 -
482 4098 592 4176 gratus
613 4088 805 4172 gravissimis
827 4087 922 4152 etiam
942 4087 1113 4168 quibusque
1132 4086 1355 4168 legationibus
1382 4088 1422 4152 ab
1445 4089 1555 4155 iisdem
1577 4090 1738 4157 adhibitus
1759 4091 1863 4157 fuerit.
1905 4092 2009 4173 Atque
2028 4092 2218 4174 sicquidem

483 4212 564 4259 anno
587 4207 710 4272 quoque
732 4186 868 4252 MDXCl
888 4186 1025 4268 Legatus
1054 4205 1071 4251 c
1101 4187 1203 4252 Dania
1227 4187 1342 4269 redux,
1371 4207 1464 4269 quum
1490 4208 1524 4254 se
1555 4191 1623 4272 ejus
1651 4191 1799 4272 temporis
1818 4190 1985 4272 Theologis
2012 4190 2052 4257 ob
2079 4192 2217 4274 purioris

483 4291 644 4373 religionis
660 4288 795 4354 studium
819 4287 1043 4367 praecaeteris
1059 4305 1185 4351 exosum
1205 4288 1396 4370 intelligeret
1416 4296 1449 4353 et
1466 4289 1623 4355 libertatis
1637 4290 1868 4355 amantissimus
1889 4291 2108 4356 conscientiam
2128 4310 2219 4359 suam

481 4392 596 4473 illigari
629 4408 689 4453 non
722 4392 899 4468 pateretur,
938 4386 1117 4451 dimissione
1149 4386 1189 4452 ab
1224 4387 1357 4454 Hassiae
1383 4388 1578 4470 Principibus
1616 4391 1783 4471 impetrata
1821 4394 1853 4455 et
1887 4391 2005 4457 Senatu
2032 4390 2217 4457 Academico

482 4492 588 4558 XVIII
606 4488 683 4570 Maji
703 4487 806 4551 valere
823 4487 911 4568 Jusso
919 4485 949 4567 ⁴)
971 4484 1207 4551 Ibancofurtnm
1229 4486 1271 4551 ad
1292 4481 1442 4553 Moenum
1461 4490 1628 4569 muressit,
1661 4492 1699 4553 ut
1725 4489 1887 4570 impositas
1915 4490 1974 4555 sibi
1999 4490 2063 4555 illic
2082 4493 2221 4572 supremi

483 4590 607 4673 Syndiei
627 4589 693 4653 sive
715 4586 866 4652 Advocati
886 4590 994 4667 partes
1016 4586 1193 4651 sustineret.
1238 4587 1402 4654 Caeterum
1422 4606 1493 4654 cnm
1514 4588 1559 4652 ibi
1575 4588 1772 4653 substitisset
1785 4589 1955 4653 triennium
1972 4594 2008 4654 et
2022 4607 2043 4653 a
2056 4589 2219 4655 literatiss.

482 4691 627 4771 Principe
645 4687 796 4752 Mauritio
815 4687 849 4750 in
870 4685 1015 4752 Hassiam
1036 4691 1256 4768 revocaretur,
1286 4693 1324 4752 ut
1351 4687 1455 4753 isthac
1484 4688 1517 4754 in
1536 4686 1609 4753 aula
1629 4687 1798 4752 consiliarii
1819 4688 1979 4754 insisteret
1998 4706 2126 4769 munus,
2157 4690 2221 4755 etsi

482 4791 564 4856 aliae
583 4787 775 4854 conditiones
795 4785 971 4850 luculentae
990 4790 1024 4849 et
1042 4784 1192 4850 honestae
1212 4790 1281 4850 tum
1301 4786 1334 4851 in
1354 4787 1454 4853 veteri
1474 4786 1746 4869 Heidelbergensi,
1768 4793 1834 4852 tum
1854 4788 1886 4852 in
1908 4804 1992 4851 nova
2011 4787 2114 4868 Julia,
2134 4805 2220 4870 quae

482 4888 669 4955 Helmstadii
690 4893 747 4967 est,
769 4904 831 4967 quo
844 4884 886 4949 ad
899 4884 1078 4965 primariam
1093 4884 1173 4967 juris
1194 4885 1416 4966 professionem
1437 4886 1664 4968 accersebatur,
1685 4886 1791 4952 deesse
1810 4905 1872 4952 non
1893 4892 2040 4968 possent,
2062 4886 2219 4953 Cussellas

483 4997 589 5053 tamen
608 4987 703 5051 veluti
724 4986 858 5066 patriam
880 4984 912 5048 in
932 4983 1063 5047 alteram
1083 5001 1222 5049 remeare
1243 4984 1369 5065 maluit,
1396 4987 1582 5067 praesertim
1605 5004 1700 5067 quum
1720 4987 1787 5069 ejus
1809 4985 1967 5052 Celsitudo
1987 5005 2065 5069 prae
2085 4988 2220 5052 caeteris

482 5087 667 5167 consiliariis
687 5085 916 5150 immunitatem
945 5082 1084 5147 dedisset
1112 5082 1224 5150 eidem
1278 5084 1331 5149 Sic
1360 5085 1466 5167 itaque
1493 5103 1592 5152 annos
1613 5085 1717 5151 XXVI
1743 5086 1777 5150 in
1808 5086 1867 5151 bac
1897 5091 2008 5167 sparta
2034 5086 2220 5151 adornanda

483 5187 672 5265 elaboravit,
702 5193 739 5249 ut
759 5183 825 5264 ejus
846 5184 879 5247 in
899 5181 1031 5264 negotiis
1052 5181 1141 5246 labor
1166 5182 1357 5265 indefessus,
1383 5186 1415 5249 in
1442 5186 1564 5267 agendo
1586 5185 1756 5268 singularis
1777 5185 1946 5266 industria,
1976 5186 2009 5250 in
2029 5184 2219 5251 confidendo
2312 5172 2314 5177 ’

583 5355 610 5421 l)
627 5354 718 5422 Imago
737 5351 844 5407 Sixtiui.

580 5439 611 5508 2)
629 5439 728 5492 Album
746 5438 929 5494 academicum
946 5440 1015 5493 hanc
1036 5441 1139 5494 veniam
1158 5440 1184 5494 ei
1201 5438 1290 5495 mtam
1308 5455 1369 5495 esse
1389 5438 1414 5493 d.
1431 5439 1482 5493 XV
1501 5456 1536 5494 m.
1555 5440 1613 5494 Oct
1629 5438 1721 5495 refert.

583 5523 613 5592 3)
632 5524 718 5578 Recte
735 5525 761 5578 h.
780 5525 797 5577 l.
817 5524 870 5578 Dil.
890 5539 923 5578 ea
940 5525 1035 5590 refert,
1056 5525 1089 5581 de
1108 5526 1205 5595 quibus
1216 5532 1299 5582 antea
1317 5528 1346 5580 in
1363 5527 1419 5581 vita
1437 5525 1557 5581 Forsteri
1575 5525 1646 5581 falsa
1662 5530 1825 5581 uarnnmt.

580 5612 610 5679 4)
627 5609 845 5672 ,Valedietionem
865 5609 900 5665 ad
918 5610 942 5665 d.
962 5611 994 5664 X.
1014 5628 1048 5665 m.
1067 5612 1134 5681 Maji
1152 5614 1237 5669 refert
1252 5612 1352 5669 Album
1371 5612 1447 5669 acad.
1682 5626 1686 5633 ’
