5409 7267
2175 1016 2220 1085 63

479 1227 688 1307 caeteroquin
716 1242 778 1289 non
802 1224 888 1289 illnm
918 1223 1016 1303 magis
1037 1219 1319 1298 Iurisconsultnm,
1349 1235 1444 1299 qnam
1469 1218 1613 1299 justitiae
1633 1218 1748 1296 multa,
1780 1235 1879 1300 eaque
1900 1221 2064 1301 praeclara
2084 1240 2223 1304 prorsus,

479 1333 682 1393 monumenta
701 1324 742 1390 ad
762 1342 884 1390 omnem
905 1322 1084 1387 memoriam
1108 1319 1377 1385 commendabunt.
1419 1318 1565 1398 Inprimis
1587 1336 1660 1382 vero
1681 1318 1777 1384 Jurs's
1793 1318 1907 1384 Oioilis
1929 1321 2106 1400 methodus,
2129 1338 2223 1403 qnam

479 1426 715 1494 accuratissima
736 1424 898 1505 diligentia
919 1421 1105 1501 conscripsit
1123 1420 1182 1499 ita,
1203 1425 1240 1483 ut
1261 1418 1360 1483 exteri
1378 1418 1472 1483 etiam
1493 1416 1580 1497 hinc,
1610 1417 1697 1482 velut
1718 1436 1756 1482 ex
1778 1436 1883 1499 ungue
1902 1419 2041 1497 leonem,
2070 1419 2224 1485 hominem

479 1528 582 1609 ipsum
603 1526 787 1604 aestiment,
809 1523 1003 1588 admirentur
1025 1525 1058 1584 et
1081 1519 1264 1599 suspiciant.
1313 1517 1421 1597 Neque
1443 1517 1561 1581 abeunt
1581 1516 1710 1600 reliqui,
1732 1518 1843 1599 quibus
1856 1522 1883 1599 ¹)
1908 1537 1966 1601 ea,
1999 1537 2080 1601 quae
2102 1521 2136 1584 in
2153 1520 2224 1602 jure

481 1627 572 1693 Civili
591 1623 741 1707 perplexa
762 1628 837 1688 sunt
857 1629 952 1703 atque
974 1621 1122 1699 obscura,
1141 1617 1301 1682 distrinxit
1321 1622 1356 1681 et
1374 1616 1560 1695 illustravit,
1592 1616 1665 1683 libri
1691 1622 1724 1683 et
1746 1620 1978 1685 commentaria.
2021 1619 2101 1685 Cum
2120 1626 2224 1685 auteur

477 1728 551 1810 jura
579 1724 691 1791 Civilia
718 1722 840 1805 publice
871 1722 1029 1787 docuisset
1055 1716 1189 1784 XXXIV
1220 1717 1310 1781 annis
1351 1721 1384 1780 et
1421 1715 1501 1796 juris
1532 1716 1570 1781 U.
1598 1716 1753 1781 Doctores
1782 1718 1954 1784 octodecim
1990 1719 2125 1801 itemque
2159 1725 2225 1785 tres

483 1825 677 1892 Licentiatos
697 1822 929 1900 renunciasset,
961 1820 1038 1885 rude
1061 1818 1194 1883 donatus
1222 1817 1310 1896 est²l
1340 1815 1495 1896 stipendio
1523 1817 1645 1896 integro
1669 1816 1847 1897 Principum
1874 1818 1965 1900 jussu
1985 1819 2086 1884 eidem
2107 1818 2226 1900 relicto,

482 1932 514 1990 et
534 1928 740 2006 posteaquam
760 1921 819 1985 VH
841 1920 959 2001 Aprilis
979 1920 1067 1983 Anno
1089 1915 1252 1982 MDXCIV
1274 1914 1465 1997 professione
1490 1915 1634 1996 abiisset,
1659 1917 1803 1996 privatus
1831 1916 1978 1999 deinceps
2006 1918 2098 1998 vixit,
2128 1917 2225 1983 donec

484 2022 661 2107 podagricis
684 2021 737 2086 diu
757 2026 934 2085 maceratus
956 2018 1117 2083 doloribus
1137 2016 1168 2081 X
1188 2015 1265 2081 Iulii
1288 2034 1371 2080 anno
1391 2014 1480 2079 MDC
1503 2015 1562 2080 hac
1590 2016 1660 2097 ipsa
1685 2017 1717 2080 in
1745 2017 1822 2082 urbe
1842 2018 1962 2083 exista
1984 2018 2050 2083 vita
2073 2023 2224 2101 tanquam

485 2143 524 2189 ex
545 2122 700 2203 hospitio,
729 2138 789 2185 non
813 2125 964 2199 tanquam
984 2137 1001 2184 e
1024 2118 1117 2183 domo
1139 2116 1283 2180 discessit
1311 2116 1343 2179 in
1371 2116 1487 2196 templo
1516 2134 1635 2180 summo
1656 2117 1829 2182 tumulatus
1852 2118 2089 2199 septuagenario
2110 2118 2224 2199 major:

486 2222 671 2289 Germaniae
699 2220 818 2298 lumen,
848 2218 981 2284 Hassiae
1007 2217 1108 2283 decus.
1162 2215 1275 2295 Vigelii
1304 2216 1423 2296 scripta
1450 2222 1579 2296 praeter
1602 2218 1694 2298 juris
1723 2217 1901 2283 methodum
1931 2224 2005 2282 sunt
2025 2218 2121 2284 Juris
2145 2217 2224 2284 Orn-

486 2323 645 2389 saltarum
667 2321 847 2398 ccamea³).

1123 2559 1356 2625 Hermannus
1382 2561 1595 2626 Lersnerus

1251 2676 1464 2746 Marpurgensis.

587 2806 705 2870 Docere
726 2803 827 2884 coepit
849 2819 932 2866 anno
954 2800 1119 2866 MDLXIV
1147 2800 1264 2880 Aprilis
1287 2800 1347 2866 XII
1376 2801 1423 2864 vir
1450 2818 1581 2881 prorsus
1614 2802 1759 2882 egrequs
1787 2802 1930 2883 omnique
1962 2803 2088 2868 virtutis
2113 2819 2227 2884 genere

489 2906 694 2985 clarissimus,
717 2904 750 2967 in
771 2921 832 2983 quo
855 2901 993 2981 nescias,
1016 2906 1124 2964 utrum
1144 2900 1261 2981 ingenii
1277 2918 1458 2980 morumque
1473 2902 1663 2965 suavitatem
1675 2901 1789 2965 mirere
1802 2903 1918 2982 magis,
1939 2918 1980 2966 an
2001 2901 2086 2968 fastu
2107 2908 2226 2968 remoto

489 3006 685 3088 gravitatem.
728 3002 836 3067 Tertia
867 3002 893 3066 is
922 3000 987 3065 vice
1013 3001 1199 3065 Academiae
1226 2999 1349 3065 clavum
1379 3000 1480 3065 tenuit
1501 3000 1739 3065 Procancellarii
1773 3001 1878 3065 etiam,
1898 3018 1948 3066 an.
1969 3001 2167 3068 MDLXXIX
2188 3002 2228 3067 ab

492 3105 579 3170 obitu
600 3103 708 3185 patrui
728 3101 839 3167 Jacobi
855 3100 1001 3165 Lersneri
1018 3098 1175 3181 dignitate
1192 3105 1301 3165 auctus
1315 3105 1348 3164 et
1361 3100 1422 3165 ΡΡ.
1439 3100 1530 3181 jussu
1550 3117 1655 3165 mense
1669 3100 1785 3165 Martio
1806 3102 2035 3183 aproprincipe
2046 3101 2229 3168 Bnrchardo

491 3203 624 3269 aCram
653 3208 779 3267 astante
807 3200 1020 3283 professorum
1047 3201 1185 3265 omnium
1217 3202 1371 3283 corona⁴l
1403 3200 1621 3281 proclamatus.
1673 3200 1812 3266 Tandem
1849 3200 1888 3266 ob
1922 3201 2048 3283 longam
2077 3220 2230 3268 annorum

491 3304 603 3369 seriem
630 3303 730 3383 impar
759 3300 949 3367 sustinendis
980 3299 1113 3381 amplius
1140 3299 1325 3364 Academiae
1356 3300 1500 3366 oneribus
1530 3301 1609 3366 rude
1643 3301 1683 3367 ab
1712 3301 1884 3366 Hessorum
1911 3300 2055 3384 Principe
2082 3302 2231 3369 Mauritio

491 3402 641 3468 MDXCV
661 3420 742 3466 anno
765 3400 920 3481 stipendio
941 3398 1053 3463 relicto
1070 3399 1194 3478 integro
1215 3399 1348 3462 donatus
1368 3397 1408 3461 ad
1428 3400 1513 3463 ultae
1535 3384 1773 3479 dies,'nat'urae
1795 3402 1938 3466 concedit
1958 3401 2175 3482 Lengsfeldiae
2197 3407 2231 3468 et
2276 3416 2278 3418 ’

492 3504 524 3567 in
535 3500 723 3583 parrochiali
735 3499 850 3580 templo
860 3496 1073 3561 Hersieldensi
1089 3496 1239 3578 sepelitur
1250 3497 1325 3561 XXI
1333 3496 1558 3579 Novembris³J
1579 3516 1659 3563 anno
1670 3498 1839 3565 MDCXIII
1849 3517 1966 3566 annum
1981 3518 2078 3582 agens
2089 3501 2229 3568 LXXIX.

492 3602 541 3667 Dc
561 3601 748 3666 Herenniano
777 3614 851 3661 vero
874 3597 1031 3661 Lerancro
1061 3596 1105 3660 sic
1134 3595 1305 3660 Fabronius
1334 3604 1572 3676 anagrammate
1599 3598 1734 3679 quodam
1756 3600 1877 3680 poetice
1898 3601 2068 3681 jndIcavit:
2104 3600 2230 3684 MENS,

493 3695 700 3766 VERENDIS
723 3694 902 3763 LAURUS:
931 3713 969 3758 ox
990 3711 1052 3774 qno
1073 3694 1230 3774 colligitur
1250 3694 1512 3761 HERMANNUS
1534 3696 1787 3765 LERSNERUS.
1815 3699 1845 3765 J.
1867 3700 1904 3766 U.
1926 3699 2008 3781 11⁶)

976 3793 1057 3848 Marsa
1070 3809 1202 3863 praerosa
1219 3794 1306 3848 latens
1323 3796 1429 3850 homini
1445 3797 1495 3850 aab
1513 3796 1595 3851 corde
1613 3796 1729 3853 serendo

1016 3878 1118 3933 Nobile
1134 3880 1256 3949 munifici
1272 3897 1370 3935 munos
1387 3882 1422 3935 ab
1440 3898 1502 3937 orec
1519 3883 1575 3937 Dei

977 3965 1058 4020 Mene
1075 3965 1189 4020 hederas
1207 3966 1308 4020 uirides
1320 3968 1472 4037 floremque
1487 3976 1623 4039 perennat
1638 3972 1751 4027 manilii

1013 4051 1137 4122 Ingenuo
1147 4052 1264 4120 frondea
1281 4069 1337 4108 noa
1351 4055 1483 4123 positura
1500 4071 1573 4110 suas.

1164 4262 1360 4343 Regnorus
1390 4263 1562 4330 Sixtinns

1305 4379 1331 4434 J.
1351 4380 1385 4435 U.
1402 4380 1436 4436 D.

596 4507 731 4571 Nationc
744 4504 863 4584 Frisiis,
883 4501 1062 4567 Leovardia
1078 4500 1237 4581 oriundus,
1259 4500 1441 4582 parentibus
1460 4508 1549 4567 satus
1564 4503 1693 4569 Nicolao
1705 4505 1839 4585 Regneri
1856 4506 2009 4574 etWitzia
2021 4508 2062 4574 ab
2074 4508 2231 4592 Hettema,

429 4605 433 4609 ’
499 4605 626 4690 puerilis
658 4605 818 4671 doctrinae
852 4602 941 4667 Initia
978 4602 1010 4665 in
1045 4601 1149 4681 patria
1183 4602 1338 4682 primum,
1380 4601 1491 4681 deinde
1520 4602 1723 4669 Bolsvardiae
1757 4606 1872 4686 posuit.
1926 4607 2128 4674 Postmodum
2162 4628 2232 4675 curn

499 4706 725 4772 adolescentiae
746 4704 905 4785 ingressus
923 4717 1022 4766 annos
1044 4700 1206 4765 literarum
1218 4702 1384 4783 praecipue
1404 4720 1510 4768 amore
1527 4704 1695 4769 exarsisset
1713 4704 1815 4777 acrius
1829 4705 1997 4772 domestico
2010 4709 2116 4788 patrui
2128 4711 2234 4793 magni

499 4805 631 4872 Ioannis
651 4803 765 4894 §utini
783 4802 843 4867 loti
862 4802 897 4866 in
911 4799 1025 4881 Angla
1037 4800 1104 4866 vita
1117 4798 1267 4881 defuncti,
1287 4801 1342 4881 qni
1361 4801 1565 4869 adolescentis
1580 4804 1686 4870 studia
1708 4804 1813 4886 legato
1829 4805 1924 4872 etiarn
1940 4806 2074 4889 juverat,
2094 4811 2233 4893 exemplo

600 5040 628 5109 1)
646 5038 739 5107 Imago
757 5037 866 5105 Vigelii.

599 5125 629 5194 2)
646 5124 701 5179 Dil.
719 5123 829 5180 silentio
849 5124 949 5191 premit
967 5138 1078 5178 cansam
1095 5122 1231 5182 missionis
1245 5123 1274 5178 in
1285 5121 1357 5178 libro
1376 5124 1514 5193 avigeria
1525 5124 1601 5181 edito
1614 5126 1745 5196 positam,
1763 5128 1809 5183 cni
1825 5126 1935 5184 titulum
1953 5128 2092 5201 inscripsit
2107 5132 2234 5188 Eremos

501 5213 640 5278 arma,
657 5209 865 5265 massmannum
885 5210 914 5265 in
929 5209 1021 5265 Herm.
1038 5208 1178 5279 Vultajum
1196 5208 1319 5279 aliosque
1337 5209 1469 5267 dictarum
1485 5210 1577 5280 pleno.
1611 5210 1672 5279 Qus
1695 5211 1730 5268 de
1752 5227 1783 5269 re
1806 5212 1927 5271 Striadar
1947 5215 2028 5288 XVI,
2061 5219 2088 5287 p.
2106 5220 2157 5273 323
2175 5234 2233 5287 sqq.

501 5298 581 5367 plura
598 5294 679 5352 affert
697 5312 757 5351 oum
775 5295 847 5349 Albo
866 5293 1022 5351 academico
1038 5295 1243 5351 consentientia

474 5419 479 5434 .
599 5383 629 5452 3)
647 5381 782 5436 Alienon
799 5380 945 5453 adduntur,
963 5380 1012 5436 sed
1028 5380 1149 5451 spatium
1165 5395 1279 5437 vacuum
1296 5386 1393 5437 exstat

599 5469 630 5539 4)
647 5468 737 5522 Locus
754 5466 886 5535 imaginis.

600 5555 629 5624 5)
650 5553 693 5607 De
709 5568 835 5620 suprema
852 5552 897 5607 die
915 5551 1022 5609 diversa
1039 5556 1147 5608 exstant
1162 5551 1333 5618 testimoniar
1349 5552 1384 5608 cf.
1403 5553 1526 5611 Siriedar
1544 5555 1612 5628 VH,
1632 5574 1658 5626 p.
1676 5557 1734 5614 508.

601 5640 631 5709 6)
650 5639 683 5694 In
700 5640 848 5695 carminum
865 5639 1000 5697 volumine
1018 5638 1175 5696 cassellano
1193 5638 1262 5697 haec
1279 5654 1333 5696 nos
1349 5640 1530 5711 reperiuntur.
