5409 7267
529 992 575 1064 66

527 1216 589 1264 ηοη
609 1199 642 1263 in
664 1194 891 1282 philosophiae,
925 1212 1033 1284 quam
1047 1193 1106 1260 bac
1131 1194 1164 1260 in
1192 1194 1362 1261 Academia
1389 1212 1408 1260 e
1434 1194 1574 1261 tenebris
1603 1194 1701 1263 veluti
1727 1194 1913 1278 productam
1943 1200 2040 1279 atque
2066 1197 2202 1280 aabgine
2226 1199 2260 1265 in

527 1297 595 1363 lnce
609 1298 635 1378 ¹)
664 1296 779 1363 statuit
799 1300 894 1377 atque
916 1292 1014 1360 oculis
1036 1293 1190 1372 omnium,
1218 1292 1309 1359 modo
1327 1292 1456 1383 stolis„
1486 1312 1594 1361 verrmr
1620 1295 1716 1363 etiam
1735 1294 1817 1377 juris
1836 1294 1935 1362 civilis
1955 1294 2136 1380 disdpbna,
2163 1314 2263 1381 quam

461 1392 468 1411 “
527 1414 567 1463 ne
588 1397 745 1478 incompta
764 1411 892 1477 prorsus
912 1393 1086 1476 videretur,
1106 1392 1298 1475 eloquentiae
1319 1393 1394 1459 dota
1413 1393 1615 1476 locupletavit
1635 1400 1668 1461 et
1683 1395 1824 1478 ornavit,
1846 1396 2091 1463 consumendum
2104 1397 2262 1480 iudicavit

528 1496 594 1563 sibi.
636 1495 772 1577 Ideoque
792 1492 876 1560 bisce
893 1492 1069 1560 bellisdmis
1098 1491 1195 1559 veluti
1220 1491 1368 1559 subsidiis
1389 1492 1664 1574 instructissimus,
1695 1511 1791 1576 quum
1814 1494 1856 1561 ad
1876 1513 1963 1577 eam,
1992 1514 2073 1580 qnae
2093 1496 2263 1564 literarum

527 1594 640 1663 studiis
668 1611 828 1677 emergere
852 1597 958 1676 potest
983 1592 1156 1674 uberrima,
1185 1592 1309 1657 laudan
1334 1593 1488 1675 spiraret,
1515 1593 1589 1659 XVI
1608 1593 1717 1660 Octob.
1739 1611 1822 1660 ωηο
1841 1594 2023 1663 Mnnxvn
2049 1614 2203 1663 summum
2225 1598 2262 1662 in

527 1699 660 1777 utruque
674 1694 747 1776 jure
767 1692 931 1775 dignitatis
951 1692 1084 1775 gradum
1104 1696 1294 1773 assequutus
1314 1692 1415 1759 locum
1435 1692 1519 1758 inter
1538 1693 1651 1759 summi
1671 1693 1836 1760 tribunalis
1856 1693 2000 1763 Hussiaci
2015 1696 2137 1779 judiees
2158 1698 2263 1763 tenuit

526 1799 559 1861 et
579 1812 686 1861 mense
701 1810 795 1875 porro
813 1792 922 1859 Vllbri
940 1792 1080 1874 proxime
1101 1791 1262 1873 mouentis
1275 1791 1350 1856 anni
1369 1797 1459 1858 extra
1473 1792 1615 1858 ordinem
1630 1792 1754 1859 doendi
1764 1793 1795 1877 ²)
1812 1812 1942 1878 munus,
1961 1795 2045 1877 quod
2062 1797 2092 1863 ei
2111 1796 2171 1863 bac
2189 1796 2262 1879 lege

526 1893 743 1974 deferebatur,
764 1910 804 1957 ne
826 1892 992 1972 lectiones,
1011 1908 1093 1972 quae
1113 1890 1223 1957 ordine
1243 1891 1433 1957 constitutae
1454 1896 1575 1974 essent,
1606 1891 1783 1959 ullomodo
1803 1893 2033 1979 interpellaret,
2062 1896 2152 1963 adit
2195 1896 2262 1963 Sed

526 1993 621 2076 paulo
641 1998 715 2077 post
734 2011 817 2058 anno
838 1991 982 2059 videlicet
999 1990 1133 2057 DLXIX
1153 1990 1292 2058 Graecas
1313 1990 1424 2057 literas
1445 1991 1478 2058 in
1496 1990 1751 2074 philosophorum
1771 2012 1932 2061 nnmerum
1952 1995 2125 2078 asscriptus
2146 1996 2263 2063 docere

526 2093 643 2175 coepit,
671 2093 829 2174 tertiaque
849 2091 928 2158 adeo
959 2091 1027 2158 vice
1047 2090 1129 2157 illius
1148 2090 1323 2156 Facultatm
1353 2092 1419 2172 egit
1446 2091 1649 2158 decurionem.
1700 2092 1840 2159 Tandem
1867 2112 1937 2160 cum
1963 2112 2046 2162 anno
2066 2094 2262 2175 Moxxc⁸t

525 2192 690 2259 Forsterus
713 2191 956 2273 Heidelbergam
982 2190 1127 2271 abiisset,
1160 2189 1201 2256 ad
1223 2190 1515 2257 iureconsultorum
1543 2209 1649 2257 meuse
1675 2191 1817 2273 Augvrsto
1854 2194 2021 2261 traductum
2047 2195 2199 2262 subsellia
2227 2197 2262 2262 iu

478 2326 484 2348 ·
526 2292 781 2358 institutionibus
801 2291 1004 2358 Jmtinianeis
1024 2288 1216 2372 explicandis
1237 2306 1364 2371 operam
1385 2290 1501 2371 posuit.
1548 2290 1665 2357 Verum
1686 2309 1768 2358 anno
1790 2294 1929 2374 proxime
1949 2294 2125 2377 insequenti
2142 2298 2261 2362 mensis

527 2391 637 2458 IXbris
658 2392 711 2458 die
730 2391 829 2474 qno)
860 2390 990 2457 literarii
1017 2390 1066 2456 aui
1090 2390 1149 2456 ocii
1175 2388 1321 2471 symbolis
1348 2388 1431 2456 Idea
1450 2390 1677 2471 Pbr'loaoptr'ca
1701 2390 1844 2459 Platonis
1874 2392 2007 2481 docendi
2036 2394 2218 2461 methodum
2228 2397 2261 2475 ⁸)

526 2492 702 2574 conscripta
722 2496 756 2557 et
777 2490 977 2557 actimlbra
996 2490 1116 2572 aliquot
1133 2488 1252 2555 relictis
1272 2488 1477 2572 doctissimis,
1498 2494 1588 2571 peste
1608 2508 1680 2556 oum
1699 2490 1841 2557 omnibns
1861 2492 1943 2574 suis,
1961 2512 2026 2560 nna
2045 2499 2171 2561 tanturm
2192 2494 2260 2561 filia

525 2592 695 2673 superstite
722 2592 877 2657 extinctus
906 2594 940 2656 et
970 2588 1172 2657 authoritatis
1205 2593 1239 2655 et
1267 2586 1454 2669 prudentiae
1489 2606 1565 2654 suae
1601 2590 1693 2655 triste
1725 2589 1866 2657 omnibus
1901 2591 2092 2661 bairanum
2119 2593 2258 2676 reliquit

526 2689 683 2773 Corporis,
702 2709 781 2773 quas
800 2690 916 2773 posuit,
936 2689 1065 2756 meviae
1084 2687 1261 2754 coemiterio
1283 2692 1359 2753 ante
1375 2687 1615 2754 marmanum
1636 2693 1760 2770 portam
1781 2688 1926 2757 ardue
1948 2692 2124 2773 quiescunt.
2157 2692 2259 2777 Gopio

524 2791 683 2857 luculenta
703 2791 844 2857 oratioue
862 2789 1042 2873 parentavit
1061 2787 1260 2855 Hermannas
1278 2787 1422 2869 Vulteius
1442 2787 1502 2854 sub
1522 2787 1616 2854 linem
1635 2787 1777 2869 eiusdem
1795 2789 1918 2857 mensis.
1966 2791 2015 2858 De
2042 2793 2159 2875 peritia
2180 2811 2255 2860 vero

526 2892 592 2973 ejus
612 2889 782 2957 Hermann.
805 2889 978 2955 Fabronius
1137 2964 1140 2972 Ι

1008 2986 1179 3052 Teutonicae,
1197 2986 1312 3050 Mace,
1331 2984 1505 3052 Graecaeque
1520 2985 1625 3053 peritia
1639 2984 1756 3053 linquae,

1041 3072 1179 3140 Quamque
1195 3071 1282 3138 refert
1291 3069 1363 3138 fidei
1380 3069 1550 3124 anamim
1568 3070 1675 3124 Heber:

1005 3157 1040 3218 Ia
1060 3155 1141 3225 Copti
1157 3158 1236 3226 genio
1256 3157 1337 3209 amai
1353 3155 1493 3209 maculata
1511 3153 1608 3209 residit
1617 3157 1648 3223 ⁸),

1038 3242 1171 3311 danaber
1187 3243 1294 3311 integra
1310 3256 1371 3295 eum
1386 3241 1489 3309 pietate
1500 3239 1612 3308 fiderit

1004 3327 1100 3398 Digna
1116 3328 1171 3382 oiri
1183 3327 1275 3394 facies
1294 3326 1380 3383 tanao
1396 3332 1423 3379 et
1438 3326 1588 3381 emoneo
1604 3332 1687 3381 aucta

1039 3413 1119 3468 Merra
1131 3413 1204 3467 bona
1216 3418 1291 3468 etant
1301 3411 1396 3467 Cattae
1408 3411 1516 3479 mbo
1528 3412 1647 3481 percara
1657 3411 1772 3467 seboim.

1146 3678 1381 3744 Hermannus
1406 3677 1631 3759 Vultejusr).

623 3811 678 3876 Vir
705 3810 787 3876 inter
810 3809 1025 3875 celeberrimos
1054 3810 1101 3875 sui
1128 3811 1275 3892 temporis
1305 3810 1555 3891 iureconsultus,
1581 3815 1678 3875 natus
1705 3816 1755 3875 est
1775 3810 1924 3876 Wetteris
1944 3808 2106 3878 Gallorum
2136 3813 2254 3895 oppido

525 3929 607 3978 auno
629 3910 684 3977 ch.
708 3908 828 3975 MDLV
853 3909 1032 3975 Decembris
1052 3909 1126 3975 XVI
1153 3909 1203 3974 die
1223 3908 1317 3990 paulo
1344 3914 1420 3975 ante
1448 3910 1555 3975 horam
1581 3909 1785 3991 matutinam,
1813 3913 1903 3992 patre
1923 3908 2016 3977 Justa
2036 3908 2160 3993 Vultejo
2182 3917 2253 3976 tum

525 4010 650 4093 quidem
677 4008 800 4076 scholae
826 4009 948 4090 patriae
978 4010 1126 4091 Rectum,
1158 4015 1269 4091 postea
1299 4028 1374 4074 vero
1409 4007 1592 4075 Academiae
1605 4010 1635 4092 ⁹)
1664 4008 1902 4090 Marpurgensis
1927 4008 2100 4091 professore
2125 4009 2254 4093 linguae

525 4110 688 4177 Hebraeae
716 4114 749 4173 et
775 4107 1066 4191 Paedagogiaroba‚
1103 4109 1227 4191 ingenio
1257 4109 1299 4175 ad
1331 4126 1438 4174 omnes
1462 4108 1640 4190 disciplinas
1671 4108 1838 4191 capiendas
1866 4108 2017 4176 mabam
2042 4114 2076 4176 et
2103 4108 2254 4177 felicitate

526 4209 673 4290 insignis,
695 4214 731 4273 nt
746 4208 799 4289 qui
821 4225 902 4272 anno
924 4209 1038 4274 aetatis
1061 4208 1240 4274 duodecimo
1256 4208 1375 4276 Graece
1396 4212 1429 4274 et
1442 4209 1555 4274 Latine
1574 4210 1643 4291 pari
1660 4208 1817 4274 industria
1838 4208 1987 4276 scriberet
2006 4213 2039 4275 et
2058 4209 2253 4291 loqueretur3

524 4311 587 4375 imo
610 4308 676 4390 qui,
699 4307 989 4389 qunm‘lingnarum
1006 4313 1040 4374 et
1060 4308 1278 4373 humaniorum
1300 4307 1415 4373 artium
1436 4308 1611 4390 cognitione
1630 4309 1798 4374 excelleret
1819 4308 2004 4391 praecipue,
2029 4308 2161 4375 eandem
2181 4329 2252 4377 cum

525 4408 625 4476 literis
647 4424 767 4489 quoque
788 4406 914 4489 divinis,
937 4407 1078 4489 civilique
1093 4399 1233 4490 inprimis
1255 4407 1410 4488 sapientia
1424 4407 1670 4490 conjungendam
1683 4408 1822 4490 putavit,
1843 4425 1942 4490 eoque
1957 4406 2111 4475 indefesso
2124 4426 2252 4491 prorsus

524 4507 633 4575 labore
664 4523 849 4590 progressus
885 4510 947 4588 est,
986 4512 1023 4573 ut
1059 4505 1172 4572 famam
1204 4507 1320 4589 ungenii
1353 4506 1544 4589 exspectatio
1580 4506 1752 4588 hominnm,
1790 4506 2052 4589 exspectatione·
2085 4506 2252 4604 admiratio

626 4747 653 4813 l)
672 4743 763 4812 Imago
783 4741 871 4812 eapti

625 4830 654 4898 2)
671 4828 716 4884 Sic
735 4828 845 4897 scripsit
862 4828 931 4898 bit,
949 4842 1110 4899 quamquam
1130 4828 1247 4884 voluisse
1265 4828 1370 4886 videtur
1387 4826 1508 4884 docendi.

625 4917 655 4984 3)
672 4914 727 4969 Dri.
744 4930 795 4984 per
811 4929 928 4971 errorem
946 4915 1055 4985 scripsit
1074 4916 1258 4973 MDLXXO.

623 4999 794 5071 libandam
817 5001 889 5058 diem
910 5000 1013 5057 indicat
1030 5001 1162 5073 Nigidius.
1200 5003 1310 5059 Erravit
1332 5003 1467 5060 Fratrem
1490 5018 1525 5057 ru.
1548 5001 1698 5058 boante
1721 5002 1824 5072 posito,
1851 5004 1898 5071 qni
1925 5009 2043 5059 merum
2068 5019 2119 5061 sua
2143 5020 2178 5061 ax
2200 5006 2252 5062 boc

526 5088 638 5147 Dilichii
655 5087 725 5143 libro
744 5086 905 5156 depromere
924 5088 1003 5146 solat.

622 5175 652 5245 5)
670 5172 805 5229 Omisaum
822 5175 926 5231 videtur
943 5173 991 5231 ad

623 5261 653 5329 6)
672 5259 716 5314 Sic
735 5259 900 5329 scripserunt
916 5260 1066 5317 Fabroniuo
1086 5268 1114 5318 et
1129 5261 1270 5320 Diliebius.

623 5346 652 5415 7)
669 5343 750 5414 Apud
767 5346 931 5401 Fabronium
949 5350 1037 5403 exstat
1058 5345 1174 5403 manu.

622 5430 652 5495 8)
670 5430 817 5485 Hermanni
834 5431 935 5503 Vulteji
952 5434 1033 5489 vitam
1048 5433 1158 5504 scripsit
1174 5431 1218 5489 Jo.
1236 5433 1305 5491 Phil.
1323 5433 1537 5491 Kucbenbeoirer
1557 5434 1688 5504 peculiari
1712 5434 1795 5500 libro,
1817 5449 1898 5501 quem
1915 5402 2011 5491 Giasae
2026 5434 2112 5491 edidit
2126 5452 2150 5491 a
2172 5437 2249 5504 illi,

525 5525 634 5588 praeter
651 5516 720 5573 ulios
738 5515 825 5571 fontes
843 5518 902 5586 ipso
920 5518 1031 5576 Dilichii
1048 5520 1118 5591 libro
1136 5536 1208 5577 usus.

622 5602 654 5673 9)
671 5601 763 5671 Imago
780 5601 891 5673 Vulteji
