5409 7267
795 1133 885 1205 Quare
901 1139 979 1190 auru
996 1132 1089 1191 uideat
1107 1135 1197 1204 quiris
1213 1150 1247 1190 ne
1264 1139 1350 1193 menn
1368 1135 1487 1206 superba

825 1220 930 1275 Elatus
945 1221 1035 1275 scebito
1055 1227 1163 1275 tartara
1180 1222 1210 1276 in
1228 1222 1285 1275 ima
1302 1219 1392 1276 cadat.

676 1302 684 1316 ⁸
792 1306 858 1359 Nan
876 1306 975 1376 Papae
992 1305 1132 1373 addietus,
1154 1306 1202 1362 sed
1218 1322 1266 1362 nec
1284 1308 1441 1361 cannarius
1458 1306 1510 1372 illi,

824 1393 976 1463 Antiquae
991 1399 1117 1447 neutram
1134 1394 1224 1462 caepit
1240 1395 1313 1449 inere
1328 1395 1410 1448 amur.
1421 1392 1447 1462 ¹)

790 1480 881 1547 Atque
898 1480 941 1533 ita
956 1494 1005 1534 nec
1022 1479 1129 1534 calidus
1144 1496 1264 1549 prorsus
1284 1494 1332 1534 nec
1348 1478 1476 1549 frigidus
1493 1477 1564 1533 idern

824 1563 970 1621 Cloudicat
987 1565 1089 1633 infelix
1104 1566 1338 1635 inter.utrurnque
1357 1565 1438 1620 latus.

789 1650 874 1705 Hunc
888 1652 999 1722 pullum
1012 1652 1090 1720 sarit
1106 1652 1220 1706 clemens
1236 1652 1363 1706 Ecclesia
1383 1657 1479 1717 noter,

822 1738 863 1793 Et
879 1745 993 1792 manen
1012 1738 1123 1794 cuculus
1140 1739 1235 1808 plutiit
1252 1737 1316 1793 inde
1334 1753 1427 1793 suam:

787 1824 829 1878 Et
846 1823 956 1879 medens
974 1824 1066 1879 eadem
1083 1826 1231 1894 proprium
1248 1839 1277 1878 se
1290 1839 1405 1893 pascere
1418 1824 1534 1892 foetum,

823 1910 859 1963 ln
874 1912 977 1980 premio
995 1910 1158 1981 scytalew)
1175 1912 1275 1964 nutriit
1290 1910 1354 1980 ipsa
1374 1917 1482 1964 trucem.

788 1996 835 2052 Sic
852 1996 935 2052 etiarn
951 1997 1042 2052 nulus
1057 1998 1201 2067 genetricis
1220 1996 1290 2051 lacte
1307 1996 1427 2064 refertus

825 2083 951 2139 Ferratis
967 2089 1081 2138 matrem
1097 2082 1216 2138 calcibus
1234 2082 1298 2137 inde
1310 2082 1389 2151 ferit

306 2172 393 2238 Obiit
413 2176 518 2237 nutem
540 2170 684 2251 Friburgi
703 2170 736 2235 in
760 2169 906 2251 Brisgoia
934 2188 1018 2235 anno
1047 2168 1215 2235 MDleX
1241 2167 1319 2251 Mnji
1338 2168 1485 2253 XXHF)
1511 2175 1545 2236 et
1570 2170 1655 2240 inter
1683 2172 1747 2241 alin
1768 2173 1888 2257 scnpta
1913 2174 2041 2260 reliquit

308 2273 493 2339 Tractatum
514 2293 558 2336 an
580 2278 610 2337 et
629 2277 786 2354 quannus
807 2269 1004 2338 Oloristianis
1025 2272 1062 2336 in
1076 2268 1377 2353 persequutionibus
1397 2271 1600 2354 fuqieredum.

935 2547 977 2613 M.
1007 2546 1192 2628 losepbus
1216 2544 1416 2612 Lorichius

1082 2650 1270 2708 Hadnmariue.

404 2772 595 2839 Hndamnria
616 2791 673 2838 arx
694 2777 745 2838 est
766 2773 934 2839 comitatus
955 2770 1133 2853 Nessana,
1157 2789 1237 2852 quae
1256 2771 1474 2839 Loricbiorum
1494 2772 1753 2839 Hadnmariorum
1774 2772 1909 2839 mnilite
1929 2792 2040 2840 nomen

306 2874 437 2940 addidit.
480 2872 561 2938 Huic
581 2872 760 2954 praefuerat
782 2873 921 2939 loannes
941 2870 1103 2938 Loricbius
1124 2872 1260 2954 primus,
1292 2878 1410 2954 septem
1439 2872 1574 2940 filiarum
1601 2873 1686 2940 baud
1708 2874 1896 2956 degenerum
1918 2890 2043 2955 parens,

306 2993 324 3038 e
346 2973 457 3055 quibus
480 2971 679 3054 Gerberdus,
700 2972 903 3055 Valentinus,
931 2970 1128 3038 Reinbardus
1150 2975 1182 3036 et
1201 2971 1362 3054 loscplus
1381 2972 1482 3038 literis
1508 2973 1732 3039 excelluerunt.
1780 2974 1827 3039 Ac
1847 2972 2043 3039 Reinbardns

306 3072 440 3155 quidem,
462 3072 549 3155 cujus
570 3090 665 3154 supra
686 3073 771 3139 lecta
784 3073 913 3155 mentio,
934 3071 1090 3137 loannem
1111 3070 1280 3137 secundum
1294 3072 1481 3154 procreavit,
1502 3073 1556 3154 qui
1575 3079 1741 3155 postquam
1759 3072 1881 3153 Juvenis
1900 3074 2044 3139 militium

305 3172 490 3254 aliquandiu
524 3177 662 3238 sectatus
697 3170 825 3255 inisset,
862 3172 903 3237 nd
931 3171 1041 3237 Musas
1071 3188 1143 3236 suas
1174 3170 1297 3237 rediens
1333 3170 1374 3235 ad
1405 3170 1536 3237 iratrem
1563 3170 1734 3255 Θεοτςὶιιω
1761 3170 1879 3238 thnm
1914 3171 1982 3238 abit
2011 3173 2045 3238 in

304 3272 494 3353 Lituaniam,
517 3272 573 3353 qui
594 3271 653 3354 ipsi
673 3271 789 3338 author
809 3272 871 3338 fuit
885 3271 1006 3354 Legum
1025 3276 1061 3337 ut
1077 3270 1319 3352 amplecteretur
1332 3270 1472 3337 studium
1490 3275 1523 3337 et
1536 3270 1655 3338 Gallias
1676 3271 1716 3338 nb
1737 3271 1771 3337 id
1790 3270 2046 3355 proficisceretur,

305 3370 359 3436 nbi
381 3370 526 3436 Aurelius
547 3376 647 3436 totum
677 3390 710 3436 se
736 3372 815 3452 juris
843 3372 1036 3452 mancipavit
1063 3370 1219 3433 scientiae.
1269 3370 1394 3433 Interea
1422 3370 1626 3451 Josepltns⁴)
1652 3371 1863 3436 Historiarum
1885 3370 2045 3454 professor

303 3471 344 3533 ro*
365 3479 460 3551 μέρος
480 3469 659 3552 ἐπιβάλλον
688 3468 728 3532 ad
751 3469 948 3534 Academiam
975 3469 1054 3532 hanc
1076 3466 1288 3531 exornandam
1314 3472 1347 3530 et
1375 3467 1443 3548 ipse
1470 3468 1611 3535 contulit.
1662 3469 1710 3534 De
1738 3486 1774 3533 eo
1800 3469 1900 3551 igitur
1928 3471 1961 3536 in
1987 3489 2044 3537 sun

303 3569 522 3634 Professarum
543 3565 680 3631 Elencbo
701 3566 864 3647 Nigidius:

790 3663 951 3731 Rbetarie⁵l
967 3663 1012 3716 bic
1025 3663 1119 3731 frater
1139 3661 1293 3718 Reinltardi
1309 3678 1392 3732 caepe
1409 3662 1528 3718 docendo

824 3750 941 3805 Ornanit
959 3756 1071 3803 nostrae
1085 3750 1201 3819 pulpita
1218 3749 1296 3803 clara
1314 3750 1430 3805 scholae

788 3837 981 3892 Historiarum
997 3836 1106 3905 aliquot
1122 3837 1270 3905 scriptores
1288 3842 1371 3906 atque
1382 3842 1481 3906 paitae

821 3923 967 3993 Exposuit
983 3922 1091 3990 deone,
1109 3923 1184 3979 culta
1196 3923 1324 3991 juventa,
1343 3924 1401 3978 tubi.

789 4010 872 4066 Nunc
888 4025 953 4063 ocra
970 4009 1086 4079 Elysios
1101 4009 1279 4081 peroqrando
1300 4011 1422 4065 suaviter
1439 4025 1523 4081 apros

823 4093 935 4164 Nipedii
953 4102 1092 4165 exspectat
1105 4097 1239 4165 proxima
1252 4096 1321 4165 sata
1338 4097 1418 4150 senis.

792 4180 907 4251 wando
922 4181 986 4246 erit,
1004 4187 1036 4235 ut
1054 4180 1162 4235 tandem
1174 4182 1277 4251 priscis
1291 4182 1414 4237 senatu
1431 4181 1527 4236 amicis

824 4267 943 4322 Nectare
960 4283 1021 4322 cum
1035 4267 1119 4321 Dicis
1134 4268 1325 4337 andrasiaqne
1337 4266 1448 4335 fruar?
1458 4269 1486 4336 ⁸)

791 4354 859 4407 lum
877 4353 982 4409 cliristi
1001 4353 1096 4408 laudes
1111 4360 1221 4409 artemo
1239 4360 1360 4423 tempore
1376 4355 1458 4423 pleno

824 4439 890 4495 Oen
907 4446 949 4496 tat
967 4440 1084 4495 uddonis
1097 4440 1238 4509 frundun
1255 4456 1302 4496 ore
1319 4456 1424 4496 carmen

305 4533 396 4598 Diem
417 4550 489 4597 vern
511 4531 639 4596 tandem
660 4532 834 4594 extremum
864 4527 976 4593 clausit
1000 4526 1022 4592 J
1024 4527 1158 4609 osepbus
1178 4544 1260 4593 anno
1280 4527 1476 4594 MDLXXIV
1494 4527 1639 4595 Jannani
1660 4535 1748 4595 serto
1768 4528 1820 4596 die
1841 4526 1991 4595 Cancellis
2003 4535 2042 4607 ')‚

305 4631 436 4712 Reipub.
456 4631 571 4696 ibidem
594 4627 777 4694 nSecretis.

405 4805 433 4871 1)
450 4801 483 4857 In
499 4803 620 4870 margine
638 4800 764 4870 apponite
781 4805 824 4856 est
841 4798 943 4870 figura
962 4815 1017 4871 qun
1032 4801 1059 4857 b.
1078 4800 1097 4857 b
1116 4799 1285 4858 haerendum
1301 4816 1363 4858 esne
1380 4802 1537 4871 munem,
1556 4816 1627 4872 quas
1646 4800 1738 4871 deest,
1759 4796 1902 4856 indicatur.

404 4890 434 4958 2)
449 4887 511 4958 Nig.
529 4888 657 4958 scytalen

364 4970 369 4976 ’
404 4977 433 5044 3)
450 4974 530 5029 Hunc
548 4973 619 5028 diem
638 4989 653 5028 e
672 4972 782 5043 Nigidio
800 4973 855 5029 Dil.
875 4972 985 5043 sumsit,
1002 4972 1127 5042 plerique
1146 4972 1171 5028 d.
1190 4973 1216 5027 X
1229 4972 1298 5028 binii
1316 4971 1448 5045 indicent,
1468 4972 1516 5028 ulii
1532 4974 1623 5030 ubam.

402 5063 433 5129 4)
452 5061 528 5127 Quae
545 5061 579 5115 ab
597 5060 675 5115 initio
692 5060 774 5130 hujus
791 5061 862 5116 ritae
879 5076 964 5129 usque
983 5058 1017 5114 ad
1034 5060 1086 5114 boc
1102 5059 1214 5115 verbum
1231 5059 1371 5130 leguntur,
1395 5058 1424 5114 in
1441 5059 1518 5116 scida
1541 5060 1709 5130 agglutinata
1733 5059 1880 5129 inscripsit
1897 5059 1950 5115 Dil.
1969 5073 2042 5129 usne,

306 5154 337 5204 ut
354 5147 437 5203 rerba
453 5146 629 5216 congruentia
651 5143 762 5212 docent,
788 5145 888 5202 bielcb
908 5145 1005 5200 nmini
1029 5146 1093 5200 vitis
1110 5145 1234 5202 German.
1256 5146 1393 5215 jnreconn.
1419 5144 1620 5215 Heidelbergee
1638 5149 1705 5202 1620
1726 5146 1845 5216 primurn
1873 5144 1970 5217 editis,
1995 5144 2044 5201 nbi

305 5250 333 5304 p.
354 5236 404 5289 186
421 5248 478 5304 sqq.
497 5232 532 5287 de
549 5233 658 5287 Joanne
675 5231 803 5288 boricbio
820 5232 885 5287 Icto
904 5231 1001 5301 egitur.

403 5320 433 5388 b)
450 5317 515 5375 (lod.
533 5318 673 5375 Retboris.

404 5405 434 5474 6)
452 5404 542 5460 Inane
558 5403 690 5474 imaginis.

404 5492 434 5561 7)
451 5489 528 5546 Haec
546 5506 608 5546 curn
624 5491 734 5561 Nigidio
753 5490 937 5562 consentiunt3
960 5490 1066 5561 reliqua
1084 5490 1166 5546 raba
1189 5496 1217 5545 et
1231 5488 1293 5560 ipsa
1310 5504 1345 5545 ex
1364 5488 1468 5545 Adnrnn
1488 5496 1585 5559 penten
1603 5489 1695 5547 addite
1711 5490 1854 5564 viduum,
1876 5488 1924 5561 qul
1939 5502 1991 5546 m
2006 5500 2041 5545 ex

309 5577 431 5638 oratione
449 5577 554 5635 funebri
570 5577 599 5632 in
615 5576 747 5633 loannem
765 5577 858 5634 habita
875 5595 892 5633 a
909 5578 1037 5649 Philippo
1056 5577 1190 5634 Lanicero
1208 5576 1347 5634 denumsit.
