5409 7267
2175 942 2227 1014 bt

484 1139 555 1185 cum
580 1138 663 1185 anno
695 1122 811 1185 aetatis
832 1120 948 1185 decimo
977 1126 1090 1202 quarto
1116 1139 1244 1205 operam
1266 1121 1345 1188 dare
1365 1122 1501 1206 coeperit
1528 1122 1627 1189 literis
1646 1124 1781 1206 primum
1806 1126 1944 1192 disoend
1973 1128 2159 1213 cupiditate,
2191 1150 2228 1198 eo

482 1225 650 1302 provectus
670 1220 723 1302 sit,
750 1225 870 1284 utnon
902 1221 1057 1286 immerito
1085 1222 1167 1286 inter
1187 1220 1302 1302 primos
1324 1222 1390 1304 ejus
1412 1222 1527 1287 aetads
1552 1221 1794 1302 iurisconsultos
1815 1223 1980 1291 habendus
2000 1225 2152 1311 videatur,
2174 1231 2228 1312 qui

479 1322 554 1403 jare
573 1318 676 1384 dulia
696 1336 717 1384 a
736 1318 856 1386 fecibus
876 1319 1046 1388 Doctorum
1070 1321 1298 1402 repurgaverit,
1319 1322 1368 1386 vir
1388 1320 1528 1404 proiecto
1547 1322 1698 1403 andquae
1720 1321 1794 1389 iidci
1811 1328 1846 1391 et
1865 1324 2059 1407 integritatis
2078 1344 2225 1395 summae.

483 1417 527 1503 [Ε
548 1419 655 1501 patria
676 1436 753 1484 vero
771 1418 879 1485 sobole
891 1418 1121 1487 Mouasterium
1137 1418 1399 1502 Wcstpbnlorum,
1418 1420 1471 1487 ubi
1489 1426 1556 1486 tum
1576 1420 1669 1487 ludus
1689 1420 1972 1507 immotissimus,
1989 1426 2106 1492 wana
2123 1424 2229 1494 morat

482 1524 518 1585 et
539 1520 612 1586 exin
624 1518 910 1601 Wittebergeusom
928 1520 962 1585 in
973 1520 1178 1587 Academiam
1197 1519 1306 1586 abiens
1321 1518 1510 1601 Theologiae
1529 1518 1661 1586 dederat
1679 1538 1807 1603 operam
1820 1522 2073 1592 ltelanclmonls
2092 1525 2227 1593 auditor.

482 1619 547 1687 Sed
567 1637 638 1685 eom
658 1619 783 1701 ingenio
804 1637 863 1685 suo
890 1620 1045 1702 aptiorem
1062 1620 1191 1687 duceret
1212 1618 1361 1685 medendi
1383 1619 1563 1700 edentium,
1588 1618 1779 1688 Medicinam
1806 1623 1947 1690 went
1973 1623 2090 1691 ibidem
2107 1625 2165 1706 ita,
2191 1631 2229 1693 nt

482 1719 677 1786 Iicandatne
704 1724 879 1786 mmsretnr
906 1718 1055 1786 honorem
1082 1725 1116 1785 et
1142 1720 1228 1785 inter
1248 1719 1397 1785 docentes
1424 1724 1588 1801 cooptatus
1609 1720 1724 1787 Rsator
1750 1721 1836 1789 illias
1856 1722 1983 1791 seboim
1999 1723 2227 1806 &signnm

483 1820 638 1885 &versus
660 1823 767 1885 autem
794 1819 829 1884 in
853 1820 991 1901 patriam
1018 1819 1224 1900 Marpurgum
1253 1818 1393 1885 invisens
1421 1836 1519 1885 ruore
1547 1818 1644 1886 ducta
1671 1821 1767 1888 udus
1793 1823 2052 1906 aDornbergero
2080 1823 2228 1905 opulens

484 1920 550 1983 cive
571 1918 691 2000 rebem,
711 1919 744 1983 in
760 1917 910 1984 Senatum
927 1919 1053 2000 legitur,
1073 1924 1168 2000 atque
1190 1917 1249 1983 bec
1269 1919 1390 1983 ratione
1410 1917 1453 1982 ad
1464 1917 1555 1985 iuris
1571 1920 1787 1988 musultornm
1806 1922 1904 1990 libem
1924 1937 2095 1991 marmus
2115 1927 2228 2005 suapte

483 2016 586 2083 Marte
608 2034 645 2082 eo
666 2035 766 2098 usque
786 2023 836 2083 est
853 2036 1053 2101 progressus,
1078 2024 1114 2083 ut
1133 2036 1196 2084 non
1216 2017 1318 2082 solum
1338 2017 1444 2082 Ficino
1465 2016 1601 2083 Hassiae
1619 2017 1814 2087 &embado
1835 2022 2026 2104 probaretur
2047 2021 2226 2103 admodum,

483 2135 592 2183 verum
613 2116 708 2182 etiam
727 2116 815 2182 Juris
835 2116 996 2183 Professor
1022 2114 1254 2199 designaretur]
1267 2116 1304 2198 ¹).
1353 2116 1432 2197 Eius
1460 2121 1566 2182 autern
1592 2116 1726 2200 eidgiem
1753 2119 1901 2202 Pogonus
1928 2120 1978 2188 his
2007 2121 2229 2189 condecoravit

482 2215 640 2282 versibus:

969 2313 1043 2384 erid
1059 2312 1249 2368 oemobuuda
1267 2315 1366 2367 taeitos
1383 2313 1413 2367 iu
1429 2314 1548 2383 imagine
1565 2316 1657 2370 outtue

1002 2400 1090 2469 Finis,
1108 2405 1134 2453 et
1152 2400 1265 2453 immoto
1282 2405 1360 2453 stares
1374 2394 1446 2468 pede
1465 2397 1549 2454 lector
1565 2400 1649 2457 bias?

966 2487 1068 2542 Deeiue
1085 2486 1185 2541 mirari
1201 2486 1276 2540 oinos
1293 2486 1319 2538 ci
1335 2485 1427 2553 spirat
1444 2482 1543 2539 odores

1001 2572 1071 2626 Post
1087 2577 1200 2625 mortem
1218 2572 1292 2626 tanti
1304 2570 1383 2639 picta
1396 2570 1493 2639 figura
1510 2572 1571 2625 oiri

969 2657 1045 2711 Talis
1063 2658 1134 2712 euim
1153 2655 1308 2712 Montanae
1325 2662 1386 2711 erat
1403 2655 1555 2710 Ferrariam
1572 2654 1638 2709 olim

999 2743 1133 2797 Justs'tiae
1147 2758 1267 2812 praeses,
1285 2741 1510 2811 praesidiumque
1528 2741 1650 2796 Scholae.

969 2828 1054 2896 Qum
1070 2830 1141 2883 caeti
1156 2844 1253 2895 mores,
1270 2844 1345 2882 mene
1362 2829 1477 2896 integra,
1493 2827 1586 2896 gloria
1598 2828 1682 2894 jur-ie,

1001 2913 1196 2982 Pictorumque
1213 2930 1311 2968 marrae
1329 2914 1455 2984 eripuere
1472 2927 1547 2981 rogo.

1129 3208 1333 3278 Balthasar
1360 3207 1585 3277 Glammerus

1294 3334 1420 3406 suern

605 3507 663 3571 Hic
683 3508 764 3571 inter
785 3502 1039 3583 iureconsultus,
1067 3502 1122 3582 qui
1147 3498 1219 3565 huic
1240 3501 1428 3566 Academiae
1450 3518 1578 3582 operam
1599 3507 1775 3583 navanmt,
1800 3500 1970 3568 sennodum
1989 3498 2091 3567 locaun
2111 3499 2224 3582 tenuit,

481 3606 641 3686 eBoJaria
655 3602 815 3670 oriundus.
853 3599 1063 3680 caeteroquin
1079 3600 1112 3664 in
1127 3598 1254 3663 Patriae
1267 3600 1438 3679 gymnasiis
1456 3598 1630 3665 liberaliter
1641 3595 1807 3665 institutus
1829 3604 1862 3663 et
1876 3597 1981 3678 aliquo
1999 3599 2066 3679 jam
2085 3597 2226 3664 imbutus

479 3721 586 3769 rerum
606 3720 673 3784 usu,
696 3719 767 3767 cum
787 3699 976 3765 innotuisset
995 3698 1173 3780 plurimum,
1194 3694 1371 3780 aPrincipe
1388 3698 1422 3762 in
1440 3696 1522 3763 haue
1534 3695 1742 3779 Academiam,
1763 3715 1856 3779 quam
1871 3695 1993 3777 aperire
2006 3696 2215 3762 oonsdtuerat

479 3805 629 3868 evocatus
648 3806 707 3882 est,
727 3804 764 3866 ut
785 3800 834 3880 iis,
853 3798 909 3881 qui
930 3798 972 3864 ad
990 3796 1073 3878 juris
1093 3794 1233 3863 studium
1252 3794 1450 3877 appulissent
1469 3796 1618 3878 animum
1637 3800 1900 3863 commonstraret
1920 3795 2003 3860 dam
2017 3799 2050 3859 et
2064 3793 2105 3859 ad
2123 3793 2226 3860 forms

480 3899 659 3967 intenderet
680 3898 821 3980 digitum.
863 3897 979 3962 Docuit
1005 3901 1110 3960 autem
1138 3894 1313 3959 iustiniani
1332 3893 1483 3975 Imperet
1504 3894 1738 3977 Imdmdones,
1766 3894 1863 3961 donec
1886 3893 1926 3960 ab
1948 3893 2083 3958 Ernesto
2103 3893 2224 3960 Lunae

480 3999 681 4080 burgensium
702 3998 790 4062 Duce
819 3997 852 4061 in
879 3994 1129 4061 consiliariorum
1156 4009 1320 4057 nummum
1347 3995 1522 4074 assmipnis
1547 3991 1665 4058 &dam
1689 3993 1784 4075 abiit,
1813 3992 1967 4074 suceptio
1994 3991 2083 4074 prius
2110 3992 2144 4056 in
2165 3991 2225 4058 bec

482 4096 650 4163 Academia
671 4114 753 4161 anno
774 4094 960 4160 MDXXXII
982 4093 1019 4159 U.
1046 4093 1076 4158 J.
1099 4091 1277 4170 Licentiae,
1304 4105 1402 4172 qnam
1422 4095 1555 4172 nocent,
1582 4090 1769 4173 honorlbm,
1799 4090 1863 4175 [vir
1882 4089 2046 4171 excellens,
2068 4089 2225 4172 snpientia

480 4203 515 4261 et
533 4195 660 4278 Justitia
679 4200 855 4277 praestans.
899 4193 992 4259 Unde
1014 4198 1047 4258 et
1064 4190 1277 4258 cancellarius
1297 4188 1481 4257 declaratus
1502 4187 1611 4256 floruit
1627 4206 1743 4258 annum
1763 4189 1887 4257 cucitm
1907 4186 2082 4272 noxum]
2094 4187 2124 4271 ¹)
2144 4188 2225 4254 fato

480 4313 541 4376 que
561 4312 618 4361 sno
646 4292 810 4359 damnatus
833 4297 883 4359 est
910 4291 1024 4358 ibidem
1051 4308 1146 4357 senex
1174 4288 1351 4357 admodum.
1399 4287 1542 4357 Hominis
1570 4290 1737 4358 memoriae
1764 4288 1841 4355 baec
1867 4288 2062 4355 eomecravit
2079 4286 2223 4369 Nigidius

479 4392 533 4459 ille
552 4392 701 4475 Senon)

963 4496 1151 4550 Boltbarorus
1168 4495 1258 4549 nerui
1277 4493 1446 4549 Oleum
1461 4498 1548 4562 orote
1562 4493 1662 4549 mes

999 4582 1074 4636 Pars
1087 4580 1152 4648 fuit
1165 4586 1194 4635 ct
1209 4579 1286 4646 juti
1302 4577 1451 4649 aas&
1464 4578 1549 4647 ,iou
1566 4577 1655 4644 &aa

964 4666 1210 4735 mmmm
1225 4663 1276 4719 esd
1291 4670 1361 4734 past
1376 4680 1406 4719 se
1425 4662 1544 4720 radidit
1559 4663 1642 4719 ube

998 4749 1159 4816 Ffflffir
1172 4748 1303 4819 ΜΝ»
1319 4750 1424 4819 “⁶90
1440 4755 1523 4818 m
1533 4763 1613 4819 Μ

965 4837 1041 4892 Huic
1058 4836 1201 4890 inseruioit
1214 4851 1267 4903 per
1284 4835 1387 4889 multoe
1403 4836 1527 4904 gratim
1543 4849 1632 4888 armoe

997 4923 1088 4990 Atque
1107 4920 1182 4975 Dua'
1189 4918 1268 4987 fidus
1282 4919 1398 4988 profuit
1412 4920 1461 4973 dle
1477 4934 1536 4974 mco.

964 5008 1131 5077 merua
1148 5004 1257 5061 merra
1269 5005 1344 5060 eum
1362 5004 1502 5073 muscatae
1518 5010 1546 5060 et
1561 5003 1642 5059 muas

998 5091 1127 5148 Naturae
1144 5092 1235 5158 auria
1244 5091 1345 5162 paruit
1361 5096 1444 5162 capse
1460 5089 1529 5147 Dra.

585 5346 612 5413 l)
632 5344 707 5409 Quae
725 5345 802 5399 uncis
820 5342 986 5409 inclusimus,
1005 5341 1033 5395 in
1050 5340 1171 5407 margine
1190 5338 1253 5394 libri
1273 5344 1371 5406 postea
1388 5336 1481 5392 addita
1498 5352 1533 5392 ex
1552 5335 1657 5391 Adamo
1676 5336 1801 5391 heminae
1819 5328 1925 5390 sesae
1942 5311 2102 5388 Iiili'obiue.¹

583 5432 611 5496 2)
630 5429 713 5484 Uncie
733 5428 840 5483 inclusa
859 5427 912 5482 Dii.
931 5425 1046 5493 margini
1070 5424 1209 5493 mecmpsit
1232 5422 1540 5491 extimatorum,
1569 5422 1616 5489 qni
1634 5422 1694 5489 ipsa
1711 5436 1778 5476 usus
1799 5428 1842 5476 est
1859 5417 2079 5474 Melanchthonis
2097 5416 2220 5470 omnione

480 5514 514 5569 de
532 5516 650 5569 Ernesto
670 5514 794 5581 principe
811 5511 1026 5579 Lunaeburgico.
1063 5509 1147 5564 Plura
1166 5508 1200 5563 de
1220 5508 1371 5564 Clsmmero
1388 5508 1499 5563 exbibet
1515 5504 1637 5561 Strieder
1654 5505 1689 5559 11.
1708 5521 1735 5573 p.
1753 5509 1803 5560 207
1821 5520 1879 5575 sqq.
1898 5512 1927 5559 et
1946 5503 1993 5558 vl.
2012 5519 2038 5571 p.
2057 5504 2108 5556 508
2127 5515 2186 5569 sqq.

583 5602 612 5665 3)
630 5600 719 5652 Locus
738 5598 869 5667 imaginis.

2015 5688 2056 5750 7.
