5409 7267
1092 2100 1424 2180 Puoaassoalts
1458 2099 1603 2176 JURIS.

1153 2320 1323 2387 loannes
1347 2319 1549 2385 Ferrarius

1254 2449 1402 2506 Montanus
1414 2452 1445 2517 ¹).

599 2623 689 2691 Inter
708 2620 933 2704 iurisperitus,
962 2630 1205 2706 quarumcunque
1227 2624 1325 2689 etiam
1351 2624 1483 2691 edentia
1508 2623 1634 2703 amque
1654 2620 1687 2685 in
1706 2619 1821 2685 studiis
1841 2619 1996 2685 ramenta
2018 2626 2115 2702 atque
2136 2620 2227 2701 copia

478 2723 673 2793 effloruerint
698 2720 760 2803 illi,
792 2739 856 2787 non
887 2725 953 2804 est,
985 2739 1078 2804 quem
1106 2724 1263 2790 nascemis
1291 2722 1475 2790 Academiae
1500 2720 1629 2787 Rectori
1661 2718 1883 2800 praeferamus.
1940 2718 1972 2785 Is
1996 2716 2057 2785 fuit
2084 2718 2226 2785 loannes

479 2824 660 2893 Ferrarius
680 2819 851 2887 nonanus
866 2820 1080 2903 Amaloburgi,
1100 2822 1213 2905 oppido
1235 2822 1393 2889 Dioecesis
1412 2820 1674 2904 Mogontinensis,
1697 2824 1790 2884 nauus
1803 2819 1843 2900 ²),
1862 2818 1910 2884 vir
1927 2818 2043 2900 ingenii
2054 2819 2084 2901 ⁸)
2102 2819 2226 2900 sagacis

477 2929 514 2992 et
540 2921 622 2989 acris
651 2920 831 3003 cumprimis
855 2921 978 3003 judieii,
1009 2920 1197 3004 Theologiae
1225 2920 1472 3003 Baeculaureus,
1503 2919 1677 2986 Medicinae
1702 2918 1915 3001 Licentiatus,
1944 2925 1978 2984 et
2003 2924 2072 2983 tum
2097 2918 2228 2998 quidem

479 3021 628 3105 temporis
645 3019 728 3103 iuris
749 3019 913 3100 utriusque
934 3019 1118 3087 candidatus
1129 3024 1159 3102 ⁴)
1181 3024 1277 3102 atoue
1298 3020 1472 3086 Hessorum
1493 3019 1630 3101 Principi
1651 3036 1672 3083 a
1693 3017 1840 3100 consiliis,
1863 3018 1917 3100 qui
1937 3035 2021 3083 anno
2041 3016 2227 3083 MDXXVII

480 3123 514 3188 in
534 3118 713 3186 Dicasterio
732 3116 885 3199 Principia
905 3117 1008 3182 XXIX
1028 3117 1114 3199 Maji,
1135 3136 1217 3199 quae
1238 3137 1329 3185 saera
1346 3118 1406 3184 init
1427 3119 1595 3184 memoriae
1612 3117 1810 3183 Ascensionis
1826 3116 1953 3183 Domini
1972 3117 2085 3198 nostri,
2105 3119 2228 3199 primus

481 3216 666 3288 Academiae
680 3216 795 3283 Rector
809 3214 1028 3298 suffragiorum
1040 3218 1273 3284 renunciatione
1284 3220 1315 3299 ὅ)
1333 3217 1436 3284 factm
1455 3217 1487 3282 id
1502 3235 1616 3283 munus
1634 3218 1789 3283 sustinuit
1804 3216 1970 3283 biennium.
2011 3216 2089 3282 Inde
2107 3218 2228 3299 primus

480 3318 616 3386 omnium
637 3315 725 3383 luris
746 3315 864 3381 Ductor
885 3315 917 3379 in
938 3314 997 3381 hac
1014 3315 1183 3383 Academia
1205 3335 1225 3382 a
1246 3317 1286 3383 D.
1300 3317 1424 3384 Joanne
1443 3316 1576 3383 Rudeiio
1593 3314 1868 3398 iurisperitissimo
1886 3316 2056 3398 salutatus,
2076 3316 2229 3383 secunda·

481 3436 543 3501 que
563 3418 630 3482 viee
649 3414 794 3480 Reotoris
822 3412 1005 3495 pedaneus
1026 3433 1152 3481 munere
1179 3416 1350 3483 honoribus
1371 3417 1472 3482 solitis
1500 3417 1635 3499 primum
1656 3416 1690 3480 in
1717 3415 1777 3481 bac
1796 3415 1963 3482 Academia
1990 3416 2174 3499 impertivit,
2193 3422 2230 3481 ut

481 3521 595 3583 rocam
614 3514 725 3597 vulgo,
753 3512 971 3581 Licentiatum.
1013 3512 1113 3597 quue
1132 3516 1254 3598 pariter
1266 3516 1297 3599 ⁸)
1322 3516 1475 3581 memoria
1503 3515 1645 3598 dignum,
1675 3513 1760 3597 quod
1779 3532 1850 3580 cum
1869 3533 1951 3580 anno
1972 3515 2092 3581 MDXL
2113 3522 2231 3599 quarta

480 3617 548 3683 vice
565 3615 599 3680 in
614 3612 805 3695 amplissimo
824 3612 990 3695 dignitatis
1004 3614 1107 3695 gradu
1128 3615 1298 3681 collocatus
1319 3614 1402 3682 idem
1425 3633 1538 3682 munus
1559 3614 1756 3695 sustinuerit,
1773 3613 1922 3696 Princeps
1941 3613 2092 3681 reditibus
2105 3615 2230 3680 auxerit

480 3712 680 3782 Academiam
704 3711 855 3792 propriis,
883 3728 976 3793 quam
1004 3711 1156 3778 hactenus
1182 3712 1345 3796 stipendiis
1366 3733 1405 3778 ex
1430 3714 1553 3779 aerario
1575 3732 1631 3779 suo
1653 3711 1821 3795 persolutis
1842 3718 2046 3778 sustentant
2087 3713 2230 3779 Accessit

483 3817 518 3877 et
528 3807 766 3875 Procaneeilarii
778 3807 957 3873 Academici
977 3807 1085 3890 honos,
1106 3827 1198 3891 quem
1210 3811 1239 3875 ei
1256 3809 1410 3892 Principia
1423 3810 1521 3892 ipsius
1530 3812 1621 3892 jussu
1635 3817 1731 3892 atque
1745 3811 1906 3878 uoluntate
1921 3830 2004 3878 anno
2016 3810 2188 3876 MDXXXI
2199 3813 2231 3892 ’)

483 3910 609 3977 Ficinus
632 3907 766 3973 Hassiae
793 3904 998 3972 macellarius
1024 3906 1147 3973 detulit.
1199 3909 1342 3974 Tandem
1371 3928 1441 3975 cum
1460 3927 1543 3975 anno
1563 3908 1716 3975 MDLIIX
1743 3928 1827 3977 nona
1849 3910 1917 3977 mcc
1938 3910 2124 3977 Academiae
2143 3928 2231 3976 asse

484 4008 581 4076 disset
601 4005 811 4089 gubernator,
840 4003 949 4087 illique
978 4003 1079 4073 officia
1099 4024 1157 4073 sua
1177 4024 1320 4074 emensus
1342 4014 1427 4075 esset
1447 4008 1572 4075 abunde
1592 4008 1689 4091 satis,
1716 4008 1876 4075 laboribus
1897 4008 2017 4076 fractus
2037 4008 2120 4075 diem
2139 4027 2231 4075 suum

484 4107 566 4174 obiit
586 4105 733 4188 vigesimo
754 4103 865 4186 quinto
887 4104 975 4171 lunii
996 4105 1111 4172 aetatis
1132 4108 1361 4192 septuagesimo
1381 4109 1475 4174 tertio
1495 4108 1527 4174 in
1547 4107 1626 4174 aede
1645 4108 1683 4174 D.
1699 4107 1904 4174 Elisabethae
1924 4107 2080 4189 humatus,
2101 4109 2152 4175 cui
2170 4127 2230 4192 pro

483 4223 570 4274 more
595 4203 765 4271 Lonieerus
795 4207 829 4269 et
852 4202 997 4287 Meycras
1025 4211 1245 4287 parentarunt.
1293 4207 1416 4288 Ingenii
1450 4208 1629 4289 cumprimis
1664 4211 1697 4272 et
1726 4205 1913 4273 eruditionis
1938 4225 2079 4273 summae
2104 4207 2231 4290 reliquit

484 4307 688 4373 monumenta
717 4301 951 4369 Auuototiones
990 4306 1026 4370 irs
1065 4304 1250 4372 «Iustiniani
1278 4307 1520 4374 Irastitutioaes:
1562 4305 1832 4373 Commentarius»
1869 4308 1909 4373 de
1938 4307 2231 4389 meleteniae,

484 4400 1006 4488 &proceleumaticorum
1020 4404 1177 4471 udrosos
1192 4426 1260 4471 rem
1268 4408 1464 4489 judicatum,
1479 4405 1739 4487 Exceptioru'bua,
1754 4427 1836 4488 quoe
1842 4405 2015 4473 &nuntiis
2026 4406 2230 4488 objiduutua

485 4512 516 4572 et
536 4502 975 4585 Remarimibujaotcum.
1018 4502 1190 4569 Praeterea
1205 4504 1473 4573 Commentariam
1491 4524 1613 4587 quoque
1634 4506 1793 4587 inteprum
1814 4506 1860 4571 ud
1878 4506 1974 4572 litai.
1989 4506 2231 4573 Poudeeturara

372 4619 374 4623 ·
485 4603 525 4670 de
544 4602 666 4687 repudia
680 4602 774 4684 juris
795 4620 834 4668 uo
858 4602 895 4667 irs
915 4601 1031 4668 Ferale
1051 4623 1189 4686 queem:
1210 4603 1348 4685 itemque
1371 4604 1640 4671 Commentarium
1661 4604 1700 4670 ds
1720 4603 1857 4685 Repabl.
1880 4605 1955 4673 berse
1974 4607 2176 4672 instituendo
2198 4611 2233 4671 et

484 4703 586 4768 utem
598 4701 706 4768 Dicae
725 4699 934 4768 Eluabellrae
954 4702 1092 4768 carmine
1113 4701 1310 4784 descriptam.
1352 4703 1390 4768 Id
1410 4721 1484 4769 vero
1505 4701 1712 4768 admiratione
1733 4701 1862 4784 dignum
1879 4704 1928 4769 vel
1950 4705 2123 4787 praecipue,
2144 4705 2232 4786 quod

592 4925 617 4993 l)
637 4922 795 4979 Orationem
813 4923 953 4981 funebrem
971 4925 1000 4981 in
1016 4926 1120 4982 obitum
1137 4926 1257 4982 Ferrarii
1275 4927 1362 4983 edidit
1379 4930 1443 4985 ὄσ).
1464 4930 1625 4996 Lorricerus,
1652 4945 1706 5001 qua
1724 4936 1833 4999 praeter
1850 4930 1904 4985 Dii.
1922 4935 2047 4985 nauseat
2065 4930 2186 4988 Adamas
2204 4933 2232 4988 in

487 5009 550 5066 ritis
566 5008 760 5065 Germanorum
774 5008 1021 5076 iureconsultomm
1036 5017 1066 5066 et
1082 5010 1262 5080 politicorum.
1283 5013 1409 5069 Heidsib.
1427 5030 1451 5069 a
1473 5018 1539 5071 1620
1557 5014 1646 5071 aditis.

588 5094 616 5164 a)
636 5091 669 5149 ln
686 5093 806 5162 marina
823 5094 955 5151 nonnulla
970 5094 1006 5152 da
1024 5098 1084 5167 eiua
1103 5096 1242 5154 iuventute
1253 5098 1396 5171 addam
1413 5115 1483 5172 qaae
1500 5115 1562 5157 saar
1579 5106 1678 5169 postea
1696 5100 1801 5158 aisdsn
1814 5100 1873 5158 tere
1885 5101 1976 5158 verbis
1990 5101 2020 5156 in
2036 5101 2098 5172 ipro
2110 5104 2232 5171 margins

487 5183 652 5250 repetantur,
671 5178 698 5235 b.
716 5177 735 5235 l
754 5178 902 5254 omittenda
919 5196 981 5239 aare
998 5180 1131 5238 duximus.

591 5265 622 5335 t)
641 5262 706 5321 Ood
724 5266 842 5337 iaceam.

590 5350 622 5419 A)
638 5348 705 5406 cod
722 5349 889 5407 meditem.

591 5434 623 5503 o)
640 5431 705 5489 cod.
723 5436 959 5493 remeationem.

591 5519 622 5588 t)
642 5517 735 5589 Imago
755 5519 883 5577 Ferrarii.

592 5606 623 5675 7)
641 5603 726 5663 Immo
745 5620 769 5662 a
784 5605 961 5664 MDXXXVI
978 5610 1031 5666 boc
1049 5609 1149 5667 iactum
1167 5627 1236 5682 esse,
1256 5612 1377 5669 Striedcr
1395 5630 1429 5669 ex
1445 5614 1596 5671 Annalibus
1615 5618 1699 5674 Acad.
1717 5626 1792 5675 reete
1806 5620 1898 5675 reteri.
