5409 7267
992 1120 1201 1205 Gregorius
1222 1121 1427 1189 Schbnfeld

1158 1250 1263 1307 Senior.

459 1398 497 1465 In
526 1398 641 1482 oppido
661 1398 770 1466 Zahna
793 1400 919 1467 ditionis
937 1400 1124 1466 ElectoraHs
1145 1401 1299 1468 Saxoniae
1331 1408 1426 1468 natus
1448 1418 1530 1467 anno
1552 1401 1689 1468 MDLIX
1708 1405 1801 1483 patre
1828 1399 1967 1484 ejusdem
1988 1401 2080 1484 plane

335 1498 486 1579 nominis;
512 1504 545 1563 et
572 1498 740 1580 postmodo
770 1499 812 1565 ab
841 1517 901 1565 avo
929 1504 1089 1582 materno,
1118 1502 1186 1567 viro
1214 1501 1388 1584 praenobili
1408 1500 1560 1567 Michaelo
1586 1500 1627 1566 ab
1654 1499 1835 1582 Arusdorll,
1864 1500 2080 1567 liberalissime

334 1598 486 1664 educatus
506 1602 564 1663 cst.
605 1597 707 1680 Hujus
728 1597 810 1664 filius
822 1598 1004 1666 Joachimus
1025 1618 1042 1664 e
1061 1598 1142 1665 bello
1158 1601 1309 1666 Suaecico
1325 1605 1353 1683 ¹)
1374 1601 1406 1666 in
1425 1601 1563 1682 patriam
1582 1600 1691 1683 redux,
1711 1619 1805 1683 quum
1822 1599 1906 1665 haud
1920 1598 2080 1680 vulgarem

334 1699 367 1761 iu
386 1714 483 1778 puero
504 1696 649 1778 peritiam
669 1701 814 1763 cerneret
832 1699 1003 1781 equitandi,
1032 1698 1101 1763 fieri
1116 1699 1175 1764 sibi
1190 1699 1373 1765 facultatem
1394 1700 1475 1782 petit
1497 1718 1603 1765 secum
1623 1700 1657 1765 in
1676 1697 1907 1781 expeditionem
1929 1697 2082 1764 Gallicam

335 1794 510 1861 abducendi
531 1794 636 1878 illum,
663 1795 746 1878 quod
767 1800 889 1877 tamen,
918 1816 989 1863 cunt
1016 1803 1108 1880 pater
1135 1797 1235 1862 filium
1255 1799 1352 1879 hune,
1381 1816 1474 1879 quem
1494 1798 1633 1865 habebat
1653 1799 1791 1879 nucum,
1812 1797 1959 1879 diligeret
1979 1799 2080 1879 unice,

335 1894 404 1959 lieri
427 1893 566 1974 negabat
586 1894 641 1959 illa
669 1898 803 1976 paterna
825 1896 927 1978 ςοργή.
978 1898 1105 1963 Interea
1126 1897 1306 1964 Matthaeus
1326 1897 1512 1979 Dresserua,
1541 1897 1624 1963 Ludi
1652 1896 1888 1978 Septemviralis
1916 1896 1958 1961 ad
1986 1896 2080 1961 Albin

335 1993 525 2074 eruderator,
545 1991 699 2059 Electoris
720 1994 844 2060 nomine
864 2013 885 2061 a
903 1994 1023 2061 Senatu
1043 1995 1216 2079 Zahnensi,
1247 1999 1273 2063 si
1295 2014 1390 2078 quem
1410 1996 1550 2062 habeant
1570 1995 1682 2062 eximia
1710 1995 1813 2061 indole
1844 2013 1992 2077 puerum,
2021 1994 2080 2060 sibi

334 2091 420 2157 mitti
443 2089 545 2173 iubet.
595 2091 745 2157 Adhibita
776 2093 874 2174 igitur
905 2112 944 2158 ex
978 2095 1122 2161 omnibus
1151 2095 1270 2162 dilectu
1298 2097 1524 2181 Sclaoascldiua
1552 2096 1708 2177 mittitur,
1741 2095 1793 2176 qui
1824 2112 1895 2160 cum
1922 2095 2080 2175 integrum

335 2191 516 2255 sexennium
541 2190 575 2255 in
603 2208 641 2256 eo
669 2190 745 2257 ludo
773 2191 1005 2259 desudantibus
1027 2194 1184 2289 ordinarie
1214 2196 1256 2261 sit
1282 2196 1521 2277 praestitutum,
1551 2212 1606 2260 eos
1634 2192 1709 2259 fecit
1729 2193 1792 2258 illic
1813 2209 2013 2274 progressus,
2043 2200 2081 2257 ut

333 2289 429 2354 etiam
457 2294 570 2370 quarto
598 2295 761 2371 exemptus
781 2290 824 2355 ad
844 2290 1127 2373 Wittebergenaem
1149 2295 1419 2360 transmitteretur
1440 2294 1655 2360 Academiam:
1685 2292 1738 2358 ubi
1767 2310 1831 2373 qua
1859 2296 1932 2357 erat
1962 2290 2080 2373 ingenii

334 2388 522 2469 capacitate,
540 2387 629 2453 brevi
646 2393 786 2470 tempore
807 2390 984 2457 universam
1005 2391 1179 2457 liberalium
1201 2394 1318 2459 artium
1332 2393 1594 2476 Encyclopediam
1612 2396 1759 2458 accurate
1788 2389 1934 2470 edoctus,
1957 2390 2079 2473 publico

333 2491 465 2552 ornatur
485 2485 670 2552 eruditionis
691 2488 871 2553 testimonio
893 2494 925 2555 et
937 2489 1111 2571 Magisterii
1133 2491 1238 2573 titulo,
1260 2511 1322 2559 non
1343 2493 1443 2558 multo
1465 2497 1539 2574 post
1560 2497 1706 2573 receptus
1726 2506 1852 2572 quoque
1870 2489 1903 2553 in
1922 2488 2080 2569 publicum

333 2585 557 2668 Philosophieis
580 2586 1103 2670 disputationibuspraesidentium
1118 2590 1290 2672 collegium.
1334 2591 1413 2657 Cum
1432 2591 1546 2672 ser02)
1568 2594 1695 2673 praeter
1717 2592 1842 2653 caetera
1863 2585 2079 2652 discendarum

334 2688 366 2751 S.
390 2685 554 2751 literarum
582 2690 673 2751 tanto
693 2685 844 2767 flagraret
865 2705 987 2769 amore,
1018 2692 1053 2752 ut
1080 2687 1119 2753 iis
1147 2689 1369 2756 immoraretur
1391 2694 1494 2771 totus,
1521 2689 1554 2755 id
1574 2705 1669 2770 porro
1690 2687 1809 2752 laboris
1830 2685 2017 2751 assiduitate
2036 2689 2078 2764 et,

334 2804 395 2868 quo
423 2784 577 2867 pollebat,
614 2784 731 2865 ingenii
756 2785 864 2865 uigore
888 2786 1091 2867 consequitur
1125 2787 1276 2869 amplius,
1314 2793 1352 2855 ut
1380 2788 1534 2854 Electoris
1566 2786 1718 2852 Saronico
1753 2783 1903 2849 mandato
1932 2789 1965 2847 et
1989 2784 2080 2866 jussu

334 2883 472 2966 supremi
493 2884 525 2947 in
546 2882 718 2964 Theologia
744 2881 878 2949 honores
900 2891 934 2950 et
954 2885 1089 2966 insignia
1117 2886 1180 2968 ipsi
1203 2887 1243 2953 ab
1270 2887 1398 2952 Urbano
1421 2887 1522 2952 Pierio
1546 2886 1577 2952 S.
1601 2885 1658 2949 Tb.
1682 2885 1819 2949 Doctore
1840 2900 1922 2947 anno
1943 2880 2080 2947 MDXCI

334 2983 455 3048 solenni
477 2982 541 3047 ritu
560 2981 777 3048 conferrentur
803 2982 909 3048 oblato
937 2983 1073 3065 supremi
1105 2984 1137 3050 in
1158 2985 1298 3050 Ecclesia
1322 2985 1491 3050 Deliciensi
1518 2984 1655 3066 pastoris
1678 2984 1805 3064 insuper
1826 2986 1859 3047 et
1877 2979 2080 3063 Superatten-

334 3082 438 3146 dentis
458 3080 568 3147 officio.
610 3082 727 3148 Verum
750 3087 892 3164 ternpore
912 3083 1056 3149 semestri
1077 3083 1129 3148 uix
1149 3083 1364 3150 intercedente
1386 3083 1599 3150 aOhristiano
1619 3082 1778 3148 Saxonum
1788 3080 1934 3146 Electore
1955 3080 1988 3144 in
2007 3079 2081 3145 aula

333 3181 506 3246 Dresdensi
527 3181 726 3247 concionator
754 3181 933 3248 declaratur
953 3188 986 3247 et
1007 3183 1271 3264 superattendens
1283 3184 1327 3266 ³),
1357 3181 1439 3264 quod
1467 3186 1501 3246 ot
1518 3181 1643 3245 minime
1664 3178 1857 3244 diuturnum.
1899 3178 1977 3244 (lum
1999 3177 2081 3243 enim

335 3279 510 3344 Christiano
532 3279 586 3345 illo
605 3279 751 3346 Flectere
779 3282 893 3346 cuivis
914 3280 1038 3347 sublato
1060 3282 1221 3362 religionis
1250 3288 1354 3347 status
1377 3281 1459 3346 illico
1480 3285 1674 3360 mutaretur,
1702 3278 1909 3359 Enorcismus,
1930 3281 2081 3358 unquam

334 3378 529 3444 neccesarius
549 3379 581 3443 in
595 3378 855 3460 paedobaptismo
870 3380 960 3459 ritus,
982 3379 1021 3443 de
1035 3396 1116 3443 novo
1132 3380 1343 3458 inveheretur,
1364 3380 1461 3443 etiam
1479 3377 1651 3443 officiosae
1670 3374 1835 3441 abdicatur
1847 3375 2080 3459 Schouseldius.

335 3478 489 3557 Quicum
532 3478 598 3542 suis
626 3476 858 3555 Wittebergam
892 3477 1104 3558 deproperans
1133 3475 1251 3541 familia
1279 3475 1342 3540 illic
1376 3475 1459 3540 domi
1488 3492 1568 3539 suae
1596 3474 1721 3554 relicta,
1750 3474 1837 3540 solus
1865 3474 2080 3540 Palatinatum

332 3578 491 3659 petiturus
516 3577 549 3640 in
572 3574 711 3640 transitu
731 3572 888 3640 Caesellas
916 3574 1096 3654 divertitur,
1123 3573 1178 3638 ubi
1204 3590 1225 3636 a
1252 3573 1395 3655 praeside
1414 3571 1566 3637 Keudelio
1588 3577 1715 3654 praeter
1742 3590 1830 3655 spem
1855 3578 1889 3638 et
1908 3578 2018 3638 votum
2039 3571 2080 3637 ad

333 3673 531 3739 wilhelmum
559 3673 593 3738 P.
616 3672 741 3739 delatus
767 3673 800 3738 in
827 3672 902 3738 aula
923 3672 1067 3739 contione
1087 3672 1197 3737 habita
1226 3673 1427 3737 concionator
1455 3690 1528 3736 mor
1557 3670 1759 3737 constituitur
1779 3671 1906 3737 aulicus.
1947 3670 2079 3751 Exque

332 3776 557 3855 temporetam
577 3772 734 3853 gratiosus
754 3771 859 3853 heroi,
890 3777 926 3837 ut
952 3789 1022 3837 cum
1047 3776 1223 3837 extremum
1245 3770 1272 3835 is
1301 3770 1389 3835 vitae
1417 3769 1584 3835 terminum
1612 3769 1863 3852 appropinquare
1890 3787 1929 3834 ex
1953 3769 2080 3833 minime

333 3871 473 3937 obscuris
493 3871 754 3953 praesentisceret
775 3870 914 3951 indiciis,
936 3870 1020 3935 hunc
1046 3886 1137 3934 suum
1162 3868 1232 3933 ilioo
1253 3869 1370 3934 accersi
1388 3869 1516 3951 juberet
1537 3869 1788 3952 Schoafeldium,
1810 3874 1844 3934 et
1864 3869 1898 3934 in
1920 3868 2080 3950 complexu

334 3972 402 4053 ejus
423 3972 505 4035 inter
527 3970 676 4035 ardentes
695 3987 802 4051 preces
824 3975 857 4034 et
877 3968 994 4052 dulces,
1014 3968 1127 4051 quihus
1149 3986 1183 4033 se
1202 3967 1352 4050 erigebat,
1374 3967 1605 4034 consolationes
1621 3969 1781 4050 expiraret
1793 3966 1926 4050 placide.
1968 3967 2079 4049 Neque

335 4088 404 4135 eum
426 4070 546 4135 minore
567 4068 748 4135 clementiae
769 4066 889 4149 fauore,
917 4085 1009 4149 quem
1031 4085 1051 4132 a
1080 4084 1238 4148 nunquam
1260 4067 1338 4131 satis
1362 4065 1493 4132 laudato
1516 4066 1620 4132 Herae
1640 4083 1677 4131 ac
1697 4069 1789 4148 patre
1808 4066 1898 4132 unice
1924 4083 2080 4132 commen-

335 4172 443 4237 datum
464 4168 526 4235 sibi
547 4174 648 4250 norat,
670 4166 932 4249 complectebatur
951 4172 1061 4250 postea
1074 4166 1224 4248 Princeps
1235 4164 1412 4230 Mauritius.
1455 4165 1576 4246 Quippe
1598 4164 1651 4246 qui
1672 4181 1735 4230 non
1756 4169 1881 4230 tantum
1902 4164 2079 4231 communia

336 4268 451 4353 Synodi
472 4266 622 4349 suffragia
648 4271 681 4332 et
705 4272 795 4348 vota,
823 4266 935 4348 quibus
964 4266 991 4331 is
1017 4264 1307 4347 Supparattendens
1329 4261 1457 4329 Casseh.
1488 4262 1681 4345 eligebatur,
1714 4262 1919 4329 confirmabat
1946 4271 1980 4329 et
2007 4269 2080 4329 rata

331 4368 477 4451 jubebat;
497 4368 552 4434 sed
564 4366 704 4448 Collegio
719 4363 892 4447 Adelphico
906 4364 1096 4430 Mauritiano
1119 4361 1318 4429 laudabiliter
1328 4363 1358 4444 ⁴)
1379 4367 1499 4444 aperto,
1518 4362 1709 4443 Theologiae
1722 4362 1930 4443 professorem
1946 4360 2080 4426 eundem

335 4467 522 4549 designabat
550 4466 700 4547 amplius,
729 4471 763 4529 et
788 4482 882 4546 porro
910 4464 1034 4529 biennio
1061 4466 1149 4544 post,
1182 4460 1319 4543 probata
1346 4461 1439 4525 modo
1466 4460 1525 4526 uiri
1553 4459 1710 4525 industria
1739 4478 1777 4527 ac
1801 4459 1879 4540 fide,
1907 4466 1956 4540 et,
1984 4475 2079 4540 quam

334 4566 519 4633 Academiae
543 4566 609 4648 jam
637 4582 755 4630 annum
786 4563 919 4645 amplius
947 4563 1103 4643 integrum
1132 4579 1150 4625 e
1179 4558 1332 4625 cathedra
1361 4559 1485 4640 publice
1512 4558 1651 4624 docendo
1677 4560 1862 4639 pariterue
1888 4556 2077 4638 disputando

334 4666 557 4749 praestitisset,
577 4663 724 4745 opera³)‚
751 4663 919 4753 primarius
939 4661 1129 4742 Theologiae
1157 4659 1316 4742 professor
1339 4664 1371 4723 et
1393 4657 1598 4723 Ecclesiastes
1623 4674 1643 4721 a
1664 4656 1811 4721 Mauritio
1834 4655 1974 4737 Principe
1994 4672 2077 4721 anno

440 4911 468 4979 1)
487 4909 532 4964 Sic
550 4907 617 4977 cod,
637 4908 732 4963 Tilena.
753 4906 894 4962 Suacsico.

438 4999 467 5061 2)
486 4995 579 5064 Imago
597 4992 772 5049 Schdnfeldii.

439 5083 469 5149 b)
489 5081 553 5137 ooo.
572 5080 792 5150 superatendcae.

438 5169 468 5234 4)
484 5166 549 5222 Cod.
569 5165 745 5221 laudibilitcr.

440 5257 469 5319 b)
488 5252 555 5306 Cum
578 5252 621 5306 his
647 5265 701 5305 non
719 5250 826 5305 omnino
851 5250 1023 5304 consentiunt
1045 5263 1116 5317 quae
1133 5248 1255 5303 Strieder
1272 5248 1352 5316 Xlll,
1376 5265 1403 5318 p,
1430 5253 1480 5304 172
1509 5264 1548 5318 sq.
1570 5248 1665 5317 habet,
1690 5249 1744 5303 iam
1766 5262 1790 5302 a
1806 5245 1914 5311 1111110,
1933 5251 2079 5312 antequam

335 5337 589 5407 superintendentis
613 5352 708 5391 munus
726 5337 881 5405 sustineret,
899 5334 1119 5391 Schoenfeldium
1135 5334 1317 5403 professorem
1338 5336 1367 5390 in
1386 5334 1507 5404 collegio
1525 5335 1691 5390 Mauritiano
1715 5335 1881 5389 nominatum
1906 5345 2025 5396 nunus,
2050 5335 2079 5384 et

335 5424 459 5478 llommel
482 5424 579 5478 Gesch.
605 5440 629 5477 s.
654 5423 761 5477 hiessen
785 5420 832 5476 l'I.
850 5438 877 5490 p.
896 5420 947 5475 602
966 5435 1027 5475 eum
1050 5426 1113 5474 ante
1137 5436 1161 5475 a.
1181 5419 1314 5475 lllDCVll
1338 5420 1479 5490 Marburgi
1504 5420 1611 5489 degisse
1634 5435 1743 5489 negans.
1791 5419 1845 5473 Sed
1876 5422 1982 5487 partem
2005 5423 2078 5469 certe

336 5526 429 5563 eorum
454 5524 524 5577 quae
548 5509 657 5577 scripsit
673 5508 727 5564 Dil.
756 5524 789 5563 ex
813 5508 874 5576 ipso
897 5507 969 5562 Albo
986 5506 1071 5561 Acad.
1097 5506 1185 5561 hlarb.
1209 5508 1314 5575 sumsit,
1339 5508 1387 5562 ubi
1418 5507 1452 5562 ad
1476 5523 1500 5561 a
1523 5506 1656 5561 Mbcvll
1678 5507 1747 5561 haec
1772 5510 1889 5560 essunt:
1919 5502 2029 5557 Voleale
2052 5506 2080 5554 et

335 5597 476 5651 clementer
505 5594 660 5650 decertante
676 5595 782 5650 illustr.
808 5601 902 5650 asoatro
923 5594 1054 5663 Principe
1073 5593 1169 5649 Recer.
1192 5599 1217 5649 el
1237 5593 1349 5648 clariss.
1373 5593 1428 5648 Du.
1449 5593 1600 5663 Gregorius
1619 5590 1768 5661 Srlrdaseld
1786 5591 1833 5646 SS.
1859 5588 2022 5656 fbeologiue
2040 5584 2078 5638 D.

1869 5690 1911 5753 6.
