<?xml version="1.0" encoding="UTF-8"?>
<!DOCTYPE html PUBLIC "-//W3C//DTD XHTML 1.0 Transitional//EN"
    "http://www.w3.org/TR/xhtml1/DTD/xhtml1-transitional.dtd">
<html xmlns="http://www.w3.org/1999/xhtml" xml:lang="en" lang="en">
 <head>
  <title>
</title>
<meta http-equiv="Content-Type" content="text/html;charset=utf-8" />
  <meta name='ocr-system' content='tesseract 3.04.00' />
  <meta name='ocr-capabilities' content='ocr_page ocr_carea ocr_par ocr_line ocrx_word'/>
</head>
<body>
  <div class='ocr_page' id='page_1' title='image "./urbsetacademiam01caesgoog_0067.png"; bbox 0 0 5409 7267; ppageno 0'>
   <div class='ocr_carea' id='block_1_1' title="bbox 479 980 527 1047">
    <p class='ocr_par' dir='ltr' id='par_1_1' title="bbox 479 980 527 1047">
     <span class='ocr_line' id='line_1_1' title="bbox 479 980 527 1047; baseline -0.021 0"><span class='ocrx_word' id='word_1_1' title='bbox 479 980 527 1047; x_wconf 85' lang='lat'><strong>60</strong></span> 
     </span>
    </p>
   </div>
   <div class='ocr_carea' id='block_1_2' title="bbox 476 1158 2231 2841">
    <p class='ocr_par' dir='ltr' id='par_1_2' title="bbox 476 1158 2231 2841">
     <span class='ocr_line' id='line_1_2' title="bbox 478 1158 2229 1242; baseline -0.003 -7"><span class='ocrx_word' id='word_1_2' title='bbox 478 1169 620 1235; x_wconf 86' lang='lat' dir='ltr'><strong>Nannius</strong></span> <span class='ocrx_word' id='word_1_3' title='bbox 643 1166 807 1232; x_wconf 84' lang='lat' dir='ltr'>docebant.</span> <span class='ocrx_word' id='word_1_4' title='bbox 856 1163 934 1228; x_wconf 91' lang='lat' dir='ltr'><strong>Inde</strong></span> <span class='ocrx_word' id='word_1_5' title='bbox 961 1180 1032 1227; x_wconf 84' lang='lat' dir='ltr'><strong>mox</strong></span> <span class='ocrx_word' id='word_1_6' title='bbox 1061 1160 1291 1240; x_wconf 87' lang='lat' dir='ltr'><strong>Wittebergam</strong></span> <span class='ocrx_word' id='word_1_7' title='bbox 1325 1158 1497 1225; x_wconf 88' lang='lat' dir='ltr'><strong>concedens</strong></span> <span class='ocrx_word' id='word_1_8' title='bbox 1525 1176 1594 1226; x_wconf 89' lang='lat' dir='ltr'><strong>cum</strong></span> <span class='ocrx_word' id='word_1_9' title='bbox 1617 1175 1731 1241; x_wconf 86' lang='lat' dir='ltr'><strong>magno</strong></span> <span class='ocrx_word' id='word_1_10' title='bbox 1760 1159 1814 1225; x_wconf 95' lang='lat' dir='ltr'><strong>illo</strong></span> <span class='ocrx_word' id='word_1_11' title='bbox 1842 1159 2000 1242; x_wconf 88' lang='lat' dir='ltr'><strong>Theologo</strong></span> <span class='ocrx_word' id='word_1_12' title='bbox 2028 1161 2067 1226; x_wconf 90' lang='lat' dir='ltr'><strong>D.</strong></span> <span class='ocrx_word' id='word_1_13' title='bbox 2089 1162 2229 1229; x_wconf 85' lang='lat' dir='ltr'><strong>Martino</strong></span> 
     </span>
     <span class='ocr_line' id='line_1_3' title="bbox 476 1258 2230 1343; baseline -0.003 -9"><span class='ocrx_word' id='word_1_14' title='bbox 476 1268 620 1334; x_wconf 89' lang='lat' dir='ltr'><strong>Luthero</strong></span> <span class='ocrx_word' id='word_1_15' title='bbox 642 1265 797 1331; x_wconf 88' lang='lat' dir='ltr'><strong>habitavit</strong></span> <span class='ocrx_word' id='word_1_16' title='bbox 818 1268 851 1329; x_wconf 92' lang='lat' dir='ltr'><strong>et</strong></span> <span class='ocrx_word' id='word_1_17' title='bbox 871 1260 1048 1343; x_wconf 89' lang='lat' dir='ltr'>Philippum</span> <span class='ocrx_word' id='word_1_18' title='bbox 1069 1258 1321 1340; x_wconf 87' lang='lat' dir='ltr'><strong>Melanthonem,</strong></span> <span class='ocrx_word' id='word_1_19' title='bbox 1349 1258 1525 1340; x_wconf 72' lang='lat' dir='ltr'><strong>uesperum</strong></span> <span class='ocrx_word' id='word_1_20' title='bbox 1554 1258 1756 1341; x_wconf 85' lang='lat' dir='ltr'><strong>Crucigerum</strong></span> <span class='ocrx_word' id='word_1_21' title='bbox 1786 1266 1819 1325; x_wconf 91' lang='lat' dir='ltr'><strong>et</strong></span> <span class='ocrx_word' id='word_1_22' title='bbox 1846 1259 2000 1327; x_wconf 87' lang='lat' dir='ltr'><strong>Joannem</strong></span> <span class='ocrx_word' id='word_1_23' title='bbox 2022 1262 2230 1328; x_wconf 89' lang='lat' dir='ltr'><strong>Pomeranum</strong></span> 
     </span>
     <span class='ocr_line' id='line_1_4' title="bbox 477 1356 2230 1443; baseline -0.005 -8"><span class='ocrx_word' id='word_1_24' title='bbox 477 1368 603 1435; x_wconf 88' lang='lat' dir='ltr'><strong>audivit</strong></span> <span class='ocrx_word' id='word_1_25' title='bbox 623 1366 739 1432; x_wconf 91' lang='lat' dir='ltr'><strong>sedulo.</strong></span> <span class='ocrx_word' id='word_1_26' title='bbox 782 1364 896 1428; x_wconf 80' lang='lat' dir='ltr'><strong>Postea</strong></span> <span class='ocrx_word' id='word_1_27' title='bbox 918 1380 1001 1427; x_wconf 91' lang='lat' dir='ltr'><strong>auno</strong></span> <span class='ocrx_word' id='word_1_28' title='bbox 1016 1360 1168 1425; x_wconf 84' lang='lat' dir='ltr'>MDXLII</span> <span class='ocrx_word' id='word_1_29' title='bbox 1181 1359 1388 1440; x_wconf 81' lang='lat' dir='ltr'><strong>argentinam</strong></span> <span class='ocrx_word' id='word_1_30' title='bbox 1410 1358 1499 1438; x_wconf 88' lang='lat' dir='ltr'><strong>abiit,</strong></span> <span class='ocrx_word' id='word_1_31' title='bbox 1521 1356 1575 1423; x_wconf 89' lang='lat' dir='ltr'><strong>ubi</strong></span> <span class='ocrx_word' id='word_1_32' title='bbox 1596 1364 1663 1423; x_wconf 93' lang='lat' dir='ltr'><strong>tum</strong></span> <span class='ocrx_word' id='word_1_33' title='bbox 1685 1364 1778 1424; x_wconf 90' lang='lat' dir='ltr'><strong>eraut</strong></span> <span class='ocrx_word' id='word_1_34' title='bbox 1788 1358 1905 1426; x_wconf 90' lang='lat' dir='ltr'><strong>Petrus</strong></span> <span class='ocrx_word' id='word_1_35' title='bbox 1915 1359 2050 1443; x_wconf 79' lang='lat' dir='ltr'><strong>Martyr,</strong></span> <span class='ocrx_word' id='word_1_36' title='bbox 2070 1362 2230 1428; x_wconf 85' lang='lat' dir='ltr'><strong>Martinus</strong></span> 
     </span>
     <span class='ocr_line' id='line_1_5' title="bbox 477 1456 2230 1549; baseline -0.003 -16"><span class='ocrx_word' id='word_1_37' title='bbox 477 1468 627 1549; x_wconf 88' lang='lat' dir='ltr'><strong>Bnoerus,</strong></span> <span class='ocrx_word' id='word_1_38' title='bbox 643 1466 783 1531; x_wconf 86' lang='lat' dir='ltr'><strong>Joannes</strong></span> <span class='ocrx_word' id='word_1_39' title='bbox 795 1462 963 1541; x_wconf 86' lang='lat' dir='ltr'><strong>Stmmius,</strong></span> <span class='ocrx_word' id='word_1_40' title='bbox 987 1460 1103 1525; x_wconf 93' lang='lat' dir='ltr'><strong>Paulus</strong></span> <span class='ocrx_word' id='word_1_41' title='bbox 1113 1459 1238 1541; x_wconf 86' lang='lat' dir='ltr'><strong>Fagius,</strong></span> <span class='ocrx_word' id='word_1_42' title='bbox 1256 1458 1413 1539; x_wconf 74' lang='lat' dir='ltr'><strong>(iasparus</strong></span> <span class='ocrx_word' id='word_1_43' title='bbox 1426 1456 1527 1523; x_wconf 86' lang='lat' dir='ltr'><strong>Hedio</strong></span> <span class='ocrx_word' id='word_1_44' title='bbox 1540 1457 1654 1539; x_wconf 88' lang='lat' dir='ltr'><strong>aliique</strong></span> <span class='ocrx_word' id='word_1_45' title='bbox 1671 1458 1730 1523; x_wconf 85' lang='lat' dir='ltr'><strong>viri</strong></span> <span class='ocrx_word' id='word_1_46' title='bbox 1751 1459 1958 1527; x_wconf 79' lang='lat' dir='ltr'><strong>excellentes:</strong></span> <span class='ocrx_word' id='word_1_47' title='bbox 1979 1460 2064 1526; x_wconf 91' lang='lat' dir='ltr'><strong>unde</strong></span> <span class='ocrx_word' id='word_1_48' title='bbox 2078 1461 2230 1544; x_wconf 80' lang='lat' dir='ltr'><strong>&#39;ligurum</strong></span> 
     </span>
     <span class='ocr_line' id='line_1_6' title="bbox 477 1556 2230 1651; baseline -0.006 -17"><span class='ocrx_word' id='word_1_49' title='bbox 477 1567 635 1651; x_wconf 85' lang='lat' dir='ltr'><strong>proiectus</strong></span> <span class='ocrx_word' id='word_1_50' title='bbox 657 1563 802 1629; x_wconf 81' lang='lat' dir='ltr'><strong>Conrado</strong></span> <span class='ocrx_word' id='word_1_51' title='bbox 821 1561 978 1627; x_wconf 90' lang='lat' dir='ltr'><strong>Pelhcano</strong></span> <span class='ocrx_word' id='word_1_52' title='bbox 1000 1559 1061 1625; x_wconf 90' lang='lat' dir='ltr'><strong>fuit</strong></span> <span class='ocrx_word' id='word_1_53' title='bbox 1081 1558 1278 1625; x_wconf 80' lang='lat' dir='ltr'><strong>domesticus.</strong></span> <span class='ocrx_word' id='word_1_54' title='bbox 1322 1556 1414 1638; x_wconf 88' lang='lat' dir='ltr'>Apud</span> <span class='ocrx_word' id='word_1_55' title='bbox 1437 1556 1493 1621; x_wconf 93' lang='lat' dir='ltr'><strong>hos</strong></span> <span class='ocrx_word' id='word_1_56' title='bbox 1521 1557 1604 1623; x_wconf 84' lang='lat' dir='ltr'><strong>viros</strong></span> <span class='ocrx_word' id='word_1_57' title='bbox 1627 1562 1660 1623; x_wconf 91' lang='lat' dir='ltr'><strong>et</strong></span> <span class='ocrx_word' id='word_1_58' title='bbox 1681 1558 1813 1640; x_wconf 86' lang='lat' dir='ltr'><strong>Faginm</strong></span> <span class='ocrx_word' id='word_1_59' title='bbox 1835 1560 2023 1641; x_wconf 89' lang='lat' dir='ltr'><strong>praesertim</strong></span> <span class='ocrx_word' id='word_1_60' title='bbox 2045 1578 2080 1627; x_wconf 92' lang='lat' dir='ltr'><strong>se</strong></span> <span class='ocrx_word' id='word_1_61' title='bbox 2102 1560 2230 1643; x_wconf 77' lang='lat' dir='ltr'><strong>linguae</strong></span> 
     </span>
     <span class='ocr_line' id='line_1_7' title="bbox 478 1656 2230 1741; baseline -0.003 -9"><span class='ocrx_word' id='word_1_62' title='bbox 478 1666 643 1732; x_wconf 80' lang='lat' dir='ltr'><strong>Hebraeae</strong></span> <span class='ocrx_word' id='word_1_63' title='bbox 663 1661 783 1728; x_wconf 81' lang='lat' dir='ltr'><strong>dedidit</strong></span> <span class='ocrx_word' id='word_1_64' title='bbox 804 1660 927 1739; x_wconf 86' lang='lat' dir='ltr'><strong>studio,</strong></span> <span class='ocrx_word' id='word_1_65' title='bbox 955 1659 988 1725; x_wconf 91' lang='lat' dir='ltr'><strong>in</strong></span> <span class='ocrx_word' id='word_1_66' title='bbox 1010 1676 1071 1741; x_wconf 92' lang='lat' dir='ltr'><strong>quo</strong></span> <span class='ocrx_word' id='word_1_67' title='bbox 1092 1659 1139 1725; x_wconf 91' lang='lat' dir='ltr'><strong>ita</strong></span> <span class='ocrx_word' id='word_1_68' title='bbox 1159 1656 1306 1739; x_wconf 82' lang='lat' dir='ltr'><strong>profecit,</strong></span> <span class='ocrx_word' id='word_1_69' title='bbox 1338 1662 1375 1721; x_wconf 93' lang='lat' dir='ltr'><strong>ut</strong></span> <span class='ocrx_word' id='word_1_70' title='bbox 1404 1656 1542 1738; x_wconf 90' lang='lat' dir='ltr'><strong>ejusdem</strong></span> <span class='ocrx_word' id='word_1_71' title='bbox 1561 1656 1709 1741; x_wconf 58' lang='lat' dir='ltr'><strong>linquae</strong></span> <span class='ocrx_word' id='word_1_72' title='bbox 1733 1657 1879 1725; x_wconf 79' lang='grc'>0111111</span> <span class='ocrx_word' id='word_1_73' title='bbox 1907 1660 1939 1725; x_wconf 90' lang='lat' dir='ltr'><strong>in</strong></span> <span class='ocrx_word' id='word_1_74' title='bbox 1968 1659 2068 1725; x_wconf 84' lang='lat' dir='ltr'><strong>luoem</strong></span> <span class='ocrx_word' id='word_1_75' title='bbox 2088 1660 2230 1726; x_wconf 87' lang='lat' dir='ltr'><strong>emiserit</strong></span> 
     </span>
     <span class='ocr_line' id='line_1_8' title="bbox 478 1755 2229 1840; baseline -0.003 -9"><span class='ocrx_word' id='word_1_76' title='bbox 478 1766 631 1832; x_wconf 87' lang='lat' dir='ltr'><strong>Basileae.</strong></span> <span class='ocrx_word' id='word_1_77' title='bbox 674 1763 775 1828; x_wconf 86' lang='lat' dir='ltr'><strong>Notus</strong></span> <span class='ocrx_word' id='word_1_78' title='bbox 793 1760 867 1826; x_wconf 91' lang='lat' dir='ltr'><strong>inde</strong></span> <span class='ocrx_word' id='word_1_79' title='bbox 882 1760 982 1826; x_wconf 89' lang='lat' dir='ltr'><strong>doctis</strong></span> <span class='ocrx_word' id='word_1_80' title='bbox 997 1777 1067 1824; x_wconf 90' lang='lat' dir='ltr'><strong>cum</strong></span> <span class='ocrx_word' id='word_1_81' title='bbox 1081 1757 1248 1823; x_wconf 79' lang='lat' dir='ltr'><strong>Academia</strong></span> <span class='ocrx_word' id='word_1_82' title='bbox 1260 1756 1498 1837; x_wconf 86' lang='lat' dir='ltr'><strong>Marpnrgcusis</strong></span> <span class='ocrx_word' id='word_1_83' title='bbox 1511 1755 1725 1823; x_wconf 83' lang='lat' dir='ltr'><strong>Professorem</strong></span> <span class='ocrx_word' id='word_1_84' title='bbox 1736 1758 1767 1823; x_wconf 87' lang='lat' dir='ltr'><strong>S.</strong></span> <span class='ocrx_word' id='word_1_85' title='bbox 1784 1757 1912 1840; x_wconf 89' lang='lat' dir='ltr'><strong>linguae</strong></span> <span class='ocrx_word' id='word_1_86' title='bbox 1928 1765 2051 1825; x_wconf 92' lang='lat' dir='ltr'><strong>mortuo</strong></span> <span class='ocrx_word' id='word_1_87' title='bbox 2068 1758 2229 1826; x_wconf 78' lang='lat' dir='ltr'><strong>Noutreno</strong></span> 
     </span>
     <span class='ocr_line' id='line_1_9' title="bbox 478 1854 2230 1945; baseline -0.004 -14"><span class='ocrx_word' id='word_1_88' title='bbox 478 1885 541 1932; x_wconf 91' lang='lat' dir='ltr'><strong>nou</strong></span> <span class='ocrx_word' id='word_1_89' title='bbox 559 1864 701 1945; x_wconf 89' lang='lat' dir='ltr'><strong>haberet,</strong></span> <span class='ocrx_word' id='word_1_90' title='bbox 720 1863 787 1943; x_wconf 91' lang='lat' dir='ltr'><strong>ipse</strong></span> <span class='ocrx_word' id='word_1_91' title='bbox 807 1859 935 1925; x_wconf 87' lang='lat' dir='ltr'><strong>tametsi</strong></span> <span class='ocrx_word' id='word_1_92' title='bbox 956 1858 997 1924; x_wconf 90' lang='lat' dir='ltr'><strong>ad</strong></span> <span class='ocrx_word' id='word_1_93' title='bbox 1013 1858 1101 1923; x_wconf 88' lang='lat' dir='ltr'><strong>Juris</strong></span> <span class='ocrx_word' id='word_1_94' title='bbox 1122 1856 1261 1923; x_wconf 90' lang='lat' dir='ltr'><strong>studium</strong></span> <span class='ocrx_word' id='word_1_95' title='bbox 1282 1854 1456 1937; x_wconf 81' lang='lat' dir='ltr'><strong>appulisset</strong></span> <span class='ocrx_word' id='word_1_96' title='bbox 1475 1856 1624 1937; x_wconf 91' lang='lat' dir='ltr'><strong>animum,</strong></span> <span class='ocrx_word' id='word_1_97' title='bbox 1645 1875 1679 1921; x_wconf 91' lang='lat' dir='ltr'><strong>se</strong></span> <span class='ocrx_word' id='word_1_98' title='bbox 1699 1856 1898 1923; x_wconf 87' lang='lat' dir='ltr'><strong>nihilominus</strong></span> <span class='ocrx_word' id='word_1_99' title='bbox 1911 1858 2101 1924; x_wconf 76' lang='lat' dir='ltr'><strong>Academiae</strong></span> <span class='ocrx_word' id='word_1_100' title='bbox 2112 1865 2230 1941; x_wconf 89' lang='lat' dir='ltr'><strong>rogatu</strong></span> 
     </span>
     <span class='ocr_line' id='line_1_10' title="bbox 478 1954 2230 2045; baseline -0.003 -15"><span class='ocrx_word' id='word_1_101' title='bbox 478 1965 522 2030; x_wconf 92' lang='lat' dir='ltr'><strong>ad</strong></span> <span class='ocrx_word' id='word_1_102' title='bbox 541 1964 681 2045; x_wconf 84' lang='lat' dir='ltr'><strong>linguam</strong></span> <span class='ocrx_word' id='word_1_103' title='bbox 708 1962 857 2028; x_wconf 83' lang='lat' dir='ltr'><strong>Sanctam</strong></span> <span class='ocrx_word' id='word_1_104' title='bbox 885 1956 1141 2040; x_wconf 88' lang='lat' dir='ltr'><strong>pertractandam</strong></span> <span class='ocrx_word' id='word_1_105' title='bbox 1167 1955 1295 2037; x_wconf 82' lang='lat' dir='ltr'><strong>dedit1)</strong></span> <span class='ocrx_word' id='word_1_106' title='bbox 1322 1960 1355 2019; x_wconf 91' lang='lat' dir='ltr'><strong>et</strong></span> <span class='ocrx_word' id='word_1_107' title='bbox 1383 1954 1571 2020; x_wconf 86' lang='lat' dir='ltr'><strong>Rectoratus</strong></span> <span class='ocrx_word' id='word_1_108' title='bbox 1604 1956 1731 2037; x_wconf 85' lang='lat' dir='ltr'><strong>insuper</strong></span> <span class='ocrx_word' id='word_1_109' title='bbox 1756 1956 1911 2038; x_wconf 91' lang='lat' dir='ltr'><strong>dignitate</strong></span> <span class='ocrx_word' id='word_1_110' title='bbox 1939 1957 1990 2023; x_wconf 83' lang='lat' dir='ltr'><strong>vel</strong></span> <span class='ocrx_word' id='word_1_111' title='bbox 2018 1963 2134 2038; x_wconf 87' lang='lat' dir='ltr'><strong>quarta</strong></span> <span class='ocrx_word' id='word_1_112' title='bbox 2162 1958 2230 2024; x_wconf 83' lang='lat' dir='ltr'><strong>rice</strong></span> 
     </span>
     <span class='ocr_line' id='line_1_11' title="bbox 479 2053 2230 2139; baseline -0.004 -9"><span class='ocrx_word' id='word_1_113' title='bbox 479 2069 601 2130; x_wconf 86' lang='lat' dir='ltr'><strong>auctus.</strong></span> <span class='ocrx_word' id='word_1_114' title='bbox 644 2059 847 2128; x_wconf 90' lang='lat' dir='ltr'><strong>Postmodum</strong></span> <span class='ocrx_word' id='word_1_115' title='bbox 861 2056 996 2123; x_wconf 85' lang='lat' dir='ltr'>MDLVI</span> <span class='ocrx_word' id='word_1_116' title='bbox 1007 2075 1090 2122; x_wconf 88' lang='grc'>1111</span> <span class='ocrx_word' id='word_1_117' title='bbox 1104 2056 1165 2137; x_wconf 88' lang='lat' dir='ltr'><strong>jnr.</strong></span> <span class='ocrx_word' id='word_1_118' title='bbox 1180 2054 1220 2120; x_wconf 94' lang='lat' dir='ltr'><strong>U.</strong></span> <span class='ocrx_word' id='word_1_119' title='bbox 1234 2056 1273 2119; x_wconf 90' lang='lat' dir='ltr'><strong>D.</strong></span> <span class='ocrx_word' id='word_1_120' title='bbox 1294 2054 1387 2118; x_wconf 95' lang='lat' dir='ltr'><strong>titulo</strong></span> <span class='ocrx_word' id='word_1_121' title='bbox 1410 2053 1451 2118; x_wconf 89' lang='lat' dir='ltr'><strong>ab</strong></span> <span class='ocrx_word' id='word_1_122' title='bbox 1465 2053 1676 2137; x_wconf 87' lang='lat' dir='ltr'><strong>Oldendorpio</strong></span> <span class='ocrx_word' id='word_1_123' title='bbox 1690 2056 1858 2137; x_wconf 90' lang='lat' dir='ltr'><strong>insignitus</strong></span> <span class='ocrx_word' id='word_1_124' title='bbox 1880 2056 1921 2121; x_wconf 88' lang='lat' dir='ltr'><strong>ad</strong></span> <span class='ocrx_word' id='word_1_125' title='bbox 1932 2057 2230 2139; x_wconf 88' lang='lat' dir='ltr'><strong>jnriscousultorum</strong></span> 
     </span>
     <span class='ocr_line' id='line_1_12' title="bbox 478 2152 2231 2238; baseline -0.003 -9"><span class='ocrx_word' id='word_1_126' title='bbox 478 2163 606 2228; x_wconf 85' lang='lat' dir='ltr'><strong>transiit</strong></span> <span class='ocrx_word' id='word_1_127' title='bbox 626 2161 767 2227; x_wconf 89' lang='lat' dir='ltr'><strong>ordinem</strong></span> <span class='ocrx_word' id='word_1_128' title='bbox 787 2166 821 2225; x_wconf 91' lang='lat' dir='ltr'><strong>et</strong></span> <span class='ocrx_word' id='word_1_129' title='bbox 842 2158 989 2224; x_wconf 85' lang='lat' dir='ltr'><strong>Codicem</strong></span> <span class='ocrx_word' id='word_1_130' title='bbox 1010 2154 1206 2238; x_wconf 86' lang='lat' dir='ltr'><strong>explanando</strong></span> <span class='ocrx_word' id='word_1_131' title='bbox 1224 2155 1271 2220; x_wconf 87' lang='lat' dir='ltr'><strong>ita</strong></span> <span class='ocrx_word' id='word_1_132' title='bbox 1295 2171 1329 2219; x_wconf 89' lang='lat' dir='ltr'><strong>se</strong></span> <span class='ocrx_word' id='word_1_133' title='bbox 1352 2152 1438 2218; x_wconf 90' lang='lat' dir='ltr'><strong>hisoe</strong></span> <span class='ocrx_word' id='word_1_134' title='bbox 1466 2152 1589 2219; x_wconf 91' lang='lat' dir='ltr'><strong>abdidit</strong></span> <span class='ocrx_word' id='word_1_135' title='bbox 1610 2154 1727 2236; x_wconf 90' lang='lat' dir='ltr'><strong>literis,</strong></span> <span class='ocrx_word' id='word_1_136' title='bbox 1756 2161 1793 2220; x_wconf 91' lang='lat' dir='ltr'><strong>ut</strong></span> <span class='ocrx_word' id='word_1_137' title='bbox 1813 2155 1855 2221; x_wconf 91' lang='lat' dir='ltr'><strong>ad</strong></span> <span class='ocrx_word' id='word_1_138' title='bbox 1874 2173 2068 2222; x_wconf 92' lang='lat' dir='ltr'><strong>communem</strong></span> <span class='ocrx_word' id='word_1_139' title='bbox 2089 2155 2231 2223; x_wconf 83' lang='lat' dir='ltr'><strong>fructum</strong></span> 
     </span>
     <span class='ocr_line' id='line_1_13' title="bbox 479 2252 2230 2339; baseline -0.003 -11"><span class='ocrx_word' id='word_1_140' title='bbox 479 2262 610 2328; x_wconf 84' lang='lat' dir='ltr'><strong>afferret</strong></span> <span class='ocrx_word' id='word_1_141' title='bbox 630 2260 733 2326; x_wconf 91' lang='lat' dir='ltr'><strong>omnia</strong></span> <span class='ocrx_word' id='word_1_142' title='bbox 754 2264 787 2324; x_wconf 92' lang='lat' dir='ltr'><strong>et</strong></span> <span class='ocrx_word' id='word_1_143' title='bbox 807 2260 841 2323; x_wconf 90' lang='lat' dir='ltr'><strong>in</strong></span> <span class='ocrx_word' id='word_1_144' title='bbox 868 2262 1030 2339; x_wconf 88' lang='lat' dir='ltr'><strong>aspectum</strong></span> <span class='ocrx_word' id='word_1_145' title='bbox 1056 2256 1217 2336; x_wconf 90' lang='lat' dir='ltr'><strong>lucemque</strong></span> <span class='ocrx_word' id='word_1_146' title='bbox 1234 2252 1411 2335; x_wconf 89' lang='lat' dir='ltr'><strong>juventutis</strong></span> <span class='ocrx_word' id='word_1_147' title='bbox 1439 2252 1598 2334; x_wconf 84' lang='lat' dir='ltr'><strong>proferret</strong></span> <span class='ocrx_word' id='word_1_148' title='bbox 1626 2259 1787 2319; x_wconf 90' lang='lat' dir='ltr'><strong>ettamen</strong></span> <span class='ocrx_word' id='word_1_149' title='bbox 1812 2253 2013 2322; x_wconf 88' lang='lat' dir='ltr'><strong>nihilominus</strong></span> <span class='ocrx_word' id='word_1_150' title='bbox 2023 2258 2054 2338; x_wconf 89' lang='lat'><strong>²)</strong></span> <span class='ocrx_word' id='word_1_151' title='bbox 2083 2256 2230 2322; x_wconf 81' lang='lat' dir='ltr'><strong>Hebraea</strong></span> 
     </span>
     <span class='ocr_line' id='line_1_14' title="bbox 479 2352 2229 2443; baseline -0.005 -15"><span class='ocrx_word' id='word_1_152' title='bbox 479 2362 601 2443; x_wconf 90' lang='lat' dir='ltr'><strong>publice</strong></span> <span class='ocrx_word' id='word_1_153' title='bbox 631 2362 741 2426; x_wconf 92' lang='lat' dir='ltr'><strong>docere</strong></span> <span class='ocrx_word' id='word_1_154' title='bbox 769 2357 935 2440; x_wconf 86' lang='lat' dir='ltr'><strong>usquead</strong></span> <span class='ocrx_word' id='word_1_155' title='bbox 968 2358 1052 2420; x_wconf 85' lang='lat' dir='ltr'><strong>vitae</strong></span> <span class='ocrx_word' id='word_1_156' title='bbox 1078 2354 1172 2420; x_wconf 90' lang='lat' dir='ltr'><strong>finem</strong></span> <span class='ocrx_word' id='word_1_157' title='bbox 1199 2372 1261 2418; x_wconf 91' lang='lat' dir='ltr'><strong>non</strong></span> <span class='ocrx_word' id='word_1_158' title='bbox 1289 2358 1439 2418; x_wconf 90' lang='lat' dir='ltr'><strong>cessaret.</strong></span> <span class='ocrx_word' id='word_1_159' title='bbox 1490 2353 1620 2419; x_wconf 85' lang='lat' dir='ltr'><strong>Sextum</strong></span> <span class='ocrx_word' id='word_1_160' title='bbox 1651 2352 1723 2419; x_wconf 90' lang='lat' dir='ltr'><strong>inde</strong></span> <span class='ocrx_word' id='word_1_161' title='bbox 1749 2354 1863 2420; x_wconf 89' lang='lat' dir='ltr'><strong>Rector</strong></span> <span class='ocrx_word' id='word_1_162' title='bbox 1892 2355 1972 2421; x_wconf 90' lang='lat' dir='ltr'><strong>hanc</strong></span> <span class='ocrx_word' id='word_1_163' title='bbox 1998 2355 2229 2437; x_wconf 86' lang='lat' dir='ltr'><strong>dignitatema</strong></span> 
     </span>
     <span class='ocr_line' id='line_1_15' title="bbox 481 2451 2231 2541; baseline -0.003 -14"><span class='ocrx_word' id='word_1_164' title='bbox 481 2462 588 2528; x_wconf 86' lang='lat' dir='ltr'><strong>Galen.</strong></span> <span class='ocrx_word' id='word_1_165' title='bbox 611 2460 704 2526; x_wconf 81' lang='lat' dir='ltr'><strong>Judiis</strong></span> <span class='ocrx_word' id='word_1_166' title='bbox 734 2476 832 2541; x_wconf 88' lang='lat' dir='ltr'><strong>usque</strong></span> <span class='ocrx_word' id='word_1_167' title='bbox 860 2457 903 2521; x_wconf 91' lang='lat' dir='ltr'><strong>ad</strong></span> <span class='ocrx_word' id='word_1_168' title='bbox 933 2455 1093 2538; x_wconf 90' lang='lat' dir='ltr'><strong>sequentis</strong></span> <span class='ocrx_word' id='word_1_169' title='bbox 1120 2454 1194 2519; x_wconf 87' lang='lat' dir='ltr'><strong>anni</strong></span> <span class='ocrx_word' id='word_1_170' title='bbox 1215 2452 1334 2519; x_wconf 84' lang='lat' dir='ltr'><strong>lulium</strong></span> <span class='ocrx_word' id='word_1_171' title='bbox 1357 2453 1523 2533; x_wconf 87' lang='lat' dir='ltr'><strong>sustinuit,</strong></span> <span class='ocrx_word' id='word_1_172' title='bbox 1551 2471 1612 2535; x_wconf 91' lang='lat' dir='ltr'><strong>quo</strong></span> <span class='ocrx_word' id='word_1_173' title='bbox 1633 2451 1745 2518; x_wconf 82' lang='lat' dir='ltr'><strong>Musae</strong></span> <span class='ocrx_word' id='word_1_174' title='bbox 1778 2454 1864 2519; x_wconf 86' lang='lat' dir='ltr'><strong>avita</strong></span> <span class='ocrx_word' id='word_1_175' title='bbox 1894 2472 1952 2519; x_wconf 91' lang='lat' dir='ltr'><strong>sua</strong></span> <span class='ocrx_word' id='word_1_176' title='bbox 1982 2455 2058 2521; x_wconf 89' lang='lat' dir='ltr'><strong>sede</strong></span> <span class='ocrx_word' id='word_1_177' title='bbox 2082 2456 2231 2538; x_wconf 80' lang='lat' dir='ltr'><strong>expulsae</strong></span> 
     </span>
     <span class='ocr_line' id='line_1_16' title="bbox 480 2551 2230 2643; baseline -0.003 -18"><span class='ocrx_word' id='word_1_178' title='bbox 480 2561 579 2643; x_wconf 84' lang='lat' dir='ltr'><strong>pestis</strong></span> <span class='ocrx_word' id='word_1_179' title='bbox 601 2560 699 2642; x_wconf 90' lang='lat' dir='ltr'><strong>ipsius</strong></span> <span class='ocrx_word' id='word_1_180' title='bbox 721 2558 854 2624; x_wconf 87' lang='lat' dir='ltr'><strong>saevitia</strong></span> <span class='ocrx_word' id='word_1_181' title='bbox 874 2554 1125 2636; x_wconf 81' lang='lat' dir='ltr'><strong>Francobergam</strong></span> <span class='ocrx_word' id='word_1_182' title='bbox 1146 2553 1401 2631; x_wconf 80' lang='lat' dir='ltr'><strong>commigranmt.</strong></span> <span class='ocrx_word' id='word_1_183' title='bbox 1444 2551 1588 2618; x_wconf 72' lang='lat' dir='ltr'><strong>Decessit</strong></span> <span class='ocrx_word' id='word_1_184' title='bbox 1609 2559 1714 2618; x_wconf 86' lang='lat' dir='ltr'><strong>autem</strong></span> <span class='ocrx_word' id='word_1_185' title='bbox 1728 2571 1810 2618; x_wconf 88' lang='lat' dir='ltr'><strong>anno</strong></span> <span class='ocrx_word' id='word_1_186' title='bbox 1824 2552 2008 2620; x_wconf 81' lang='lat' dir='ltr'>MDLXXII</span> <span class='ocrx_word' id='word_1_187' title='bbox 2022 2554 2134 2620; x_wconf 84' lang='lat' dir='ltr'><strong>Martii</strong></span> <span class='ocrx_word' id='word_1_188' title='bbox 2145 2555 2230 2630; x_wconf 80' lang='lat' dir='ltr'><strong>XXI,</strong></span> 
     </span>
     <span class='ocr_line' id='line_1_17' title="bbox 480 2651 2229 2742; baseline -0.003 -17"><span class='ocrx_word' id='word_1_189' title='bbox 480 2666 605 2742; x_wconf 88' lang='lat' dir='ltr'><strong>praeter</strong></span> <span class='ocrx_word' id='word_1_190' title='bbox 627 2658 773 2738; x_wconf 88' lang='lat' dir='ltr'><strong>honores,</strong></span> <span class='ocrx_word' id='word_1_191' title='bbox 808 2674 885 2740; x_wconf 90' lang='lat' dir='ltr'><strong>quos</strong></span> <span class='ocrx_word' id='word_1_192' title='bbox 914 2675 932 2720; x_wconf 89' lang='lat' dir='ltr'><strong>e</strong></span> <span class='ocrx_word' id='word_1_193' title='bbox 960 2653 1074 2719; x_wconf 88' lang='lat' dir='ltr'><strong>studiis</strong></span> <span class='ocrx_word' id='word_1_194' title='bbox 1100 2652 1224 2732; x_wconf 91' lang='lat' dir='ltr'><strong>retulit,</strong></span> <span class='ocrx_word' id='word_1_195' title='bbox 1252 2653 1336 2716; x_wconf 90' lang='lat' dir='ltr'><strong>inter</strong></span> <span class='ocrx_word' id='word_1_196' title='bbox 1363 2651 1446 2717; x_wconf 85' lang='lat' dir='ltr'><strong>cives</strong></span> <span class='ocrx_word' id='word_1_197' title='bbox 1473 2669 1596 2733; x_wconf 89' lang='lat' dir='ltr'><strong>quoque</strong></span> <span class='ocrx_word' id='word_1_198' title='bbox 1622 2670 1696 2717; x_wconf 89' lang='lat' dir='ltr'><strong>suos</strong></span> <span class='ocrx_word' id='word_1_199' title='bbox 1720 2652 1909 2719; x_wconf 86' lang='lat' dir='ltr'><strong>Consulatus</strong></span> <span class='ocrx_word' id='word_1_200' title='bbox 1930 2653 2086 2735; x_wconf 86' lang='lat' dir='ltr'><strong>dignitate</strong></span> <span class='ocrx_word' id='word_1_201' title='bbox 2107 2661 2229 2734; x_wconf 78' lang='lat' dir='ltr'><strong>auctus,</strong></span> 
     </span>
     <span class='ocr_line' id='line_1_18' title="bbox 480 2751 2229 2841; baseline -0.004 -17"><span class='ocrx_word' id='word_1_202' title='bbox 480 2759 682 2841; x_wconf 88' lang='lat' dir='ltr'><strong>sepultusque</strong></span> <span class='ocrx_word' id='word_1_203' title='bbox 712 2758 815 2823; x_wconf 88' lang='lat' dir='ltr'><strong>estin</strong></span> <span class='ocrx_word' id='word_1_204' title='bbox 837 2755 915 2821; x_wconf 86' lang='lat' dir='ltr'><strong>aedo</strong></span> <span class='ocrx_word' id='word_1_205' title='bbox 941 2755 979 2819; x_wconf 91' lang='lat' dir='ltr'><strong>D.</strong></span> <span class='ocrx_word' id='word_1_206' title='bbox 1006 2751 1210 2817; x_wconf 87' lang='lat' dir='ltr'><strong>Elisabethae</strong></span> <span class='ocrx_word' id='word_1_207' title='bbox 1238 2751 1280 2815; x_wconf 89' lang='lat' dir='ltr'><strong>ad</strong></span> <span class='ocrx_word' id='word_1_208' title='bbox 1306 2751 1404 2816; x_wconf 90' lang='lat' dir='ltr'><strong>soceri</strong></span> <span class='ocrx_word' id='word_1_209' title='bbox 1432 2751 1470 2814; x_wconf 90' lang='lat' dir='ltr'><strong>D.</strong></span> <span class='ocrx_word' id='word_1_210' title='bbox 1497 2751 1629 2817; x_wconf 88' lang='lat' dir='ltr'><strong>Joannis</strong></span> <span class='ocrx_word' id='word_1_211' title='bbox 1650 2752 1788 2817; x_wconf 86' lang='lat' dir='ltr'><strong>Ferrarii</strong></span> <span class='ocrx_word' id='word_1_212' title='bbox 1816 2753 1908 2818; x_wconf 89' lang='lat' dir='ltr'><strong>latus.</strong></span> <span class='ocrx_word' id='word_1_213' title='bbox 1950 2753 2229 2837; x_wconf 63' lang='grc'><strong>1111111111111111</strong></span> 
     </span>
    </p>
   </div>
   <div class='ocr_carea' id='block_1_3' title="bbox 481 2848 1616 3022">
    <p class='ocr_par' dir='ltr' id='par_1_3' title="bbox 481 2848 1616 3022">
     <span class='ocr_line' id='line_1_19' title="bbox 481 2848 1479 2931; baseline -0.008 -10"><span class='ocrx_word' id='word_1_214' title='bbox 481 2860 541 2923; x_wconf 80' lang='lat' dir='ltr'><strong>viri</strong></span> <span class='ocrx_word' id='word_1_215' title='bbox 563 2858 744 2924; x_wconf 89' lang='lat' dir='ltr'><strong>memoriam</strong></span> <span class='ocrx_word' id='word_1_216' title='bbox 765 2875 835 2922; x_wconf 86' lang='lat' dir='ltr'><strong>cum</strong></span> <span class='ocrx_word' id='word_1_217' title='bbox 855 2855 1010 2921; x_wconf 80' lang='grc'>1111111111</span> <span class='ocrx_word' id='word_1_218' title='bbox 1033 2851 1117 2916; x_wconf 89' lang='lat' dir='ltr'><strong>hisce</strong></span> <span class='ocrx_word' id='word_1_219' title='bbox 1140 2848 1281 2915; x_wconf 85' lang='lat' dir='ltr'><strong>versibus</strong></span> <span class='ocrx_word' id='word_1_220' title='bbox 1301 2851 1479 2931; x_wconf 84' lang='lat' dir='ltr'><strong>usurpavit:</strong></span> 
     </span>
     <span class='ocr_line' id='line_1_20' title="bbox 971 2947 1616 3022; baseline -0.005 -15"><span class='ocrx_word' id='word_1_221' title='bbox 971 2952 1096 3022; x_wconf 80' lang='lat' dir='ltr'><strong>Leprbua</strong></span> <span class='ocrx_word' id='word_1_222' title='bbox 1114 2950 1239 3020; x_wconf 73' lang='lat' dir='ltr'><strong>egregius</strong></span> <span class='ocrx_word' id='word_1_223' title='bbox 1259 2947 1356 3002; x_wconf 74' lang='lat' dir='ltr'><strong>lucader</strong></span> <span class='ocrx_word' id='word_1_224' title='bbox 1375 2955 1401 3002; x_wconf 81' lang='lat' dir='ltr'><strong>et</strong></span> <span class='ocrx_word' id='word_1_225' title='bbox 1411 2949 1478 3015; x_wconf 81' lang='lat' dir='ltr'><strong>jure</strong></span> <span class='ocrx_word' id='word_1_226' title='bbox 1495 2949 1616 3004; x_wconf 82' lang='lat' dir='ltr'><strong>docendo</strong></span> 
     </span>
    </p>
   </div>
   <div class='ocr_carea' id='block_1_4' title="bbox 969 3035 1745 4309">
    <p class='ocr_par' dir='ltr' id='par_1_4' title="bbox 969 3035 1745 4309">
     <span class='ocr_line' id='line_1_21' title="bbox 1008 3035 1602 3104; baseline -0.007 -12"><span class='ocrx_word' id='word_1_227' title='bbox 1008 3038 1209 3104; x_wconf 75' lang='lat' dir='ltr'><strong>Hebraiciaquc</strong></span> <span class='ocrx_word' id='word_1_228' title='bbox 1227 3035 1304 3089; x_wconf 81' lang='lat' dir='ltr'><strong>lt’brr&#39;o</strong></span> <span class='ocrx_word' id='word_1_229' title='bbox 1321 3035 1416 3088; x_wconf 80' lang='lat' dir='ltr'><strong>retulit</strong></span> <span class='ocrx_word' id='word_1_230' title='bbox 1435 3035 1602 3104; x_wconf 81' lang='lat' dir='ltr'><strong>Ilappcliue.</strong></span> 
     </span>
     <span class='ocr_line' id='line_1_22' title="bbox 969 3119 1645 3187; baseline -0.003 -9"><span class='ocrx_word' id='word_1_231' title='bbox 969 3124 1021 3179; x_wconf 81' lang='lat' dir='ltr'><strong>itte</strong></span> <span class='ocrx_word' id='word_1_232' title='bbox 1039 3123 1148 3177; x_wconf 69' lang='lat' dir='ltr'><strong>petrolus</strong></span> <span class='ocrx_word' id='word_1_233' title='bbox 1165 3122 1272 3176; x_wconf 87' lang='lat' dir='ltr'><strong>Doctor</strong></span> <span class='ocrx_word' id='word_1_234' title='bbox 1291 3120 1386 3175; x_wconf 82' lang='lat' dir='ltr'><strong>docuit</strong></span> <span class='ocrx_word' id='word_1_235' title='bbox 1399 3119 1462 3187; x_wconf 75' lang='lat' dir='ltr'><strong>jue,</strong></span> <span class='ocrx_word' id='word_1_236' title='bbox 1479 3122 1583 3175; x_wconf 78' lang='grc'>1111111</span> <span class='ocrx_word' id='word_1_237' title='bbox 1600 3123 1645 3176; x_wconf 81' lang='lat' dir='ltr'><strong>illc</strong></span> 
     </span>
     <span class='ocr_line' id='line_1_23' title="bbox 1003 3207 1611 3277; baseline -0.007 -13"><span class='ocrx_word' id='word_1_238' title='bbox 1003 3211 1057 3264; x_wconf 52' lang='lat' dir='ltr'><strong>ilua</strong></span> <span class='ocrx_word' id='word_1_239' title='bbox 1077 3209 1177 3263; x_wconf 76' lang='lat' dir='ltr'><strong>t&#39;ouaut</strong></span> <span class='ocrx_word' id='word_1_240' title='bbox 1196 3207 1277 3273; x_wconf 76' lang='lat' dir='ltr'><strong>dixit,</strong></span> <span class='ocrx_word' id='word_1_241' title='bbox 1293 3213 1392 3277; x_wconf 75' lang='lat' dir='ltr'><strong>prono</strong></span> <span class='ocrx_word' id='word_1_242' title='bbox 1409 3212 1526 3275; x_wconf 77' lang='lat' dir='ltr'><strong>utroque</strong></span> <span class='ocrx_word' id='word_1_243' title='bbox 1545 3210 1611 3263; x_wconf 81' lang='grc'>1111.</span> 
     </span>
     <span class='ocr_line' id='line_1_24' title="bbox 971 3292 1693 3365; baseline 0 -16"><span class='ocrx_word' id='word_1_244' title='bbox 971 3296 1122 3365; x_wconf 75' lang='lat' dir='ltr'><strong>imperium</strong></span> <span class='ocrx_word' id='word_1_245' title='bbox 1136 3294 1236 3363; x_wconf 64' lang='lat' dir='ltr'><strong>patrio</strong></span> <span class='ocrx_word' id='word_1_246' title='bbox 1252 3300 1358 3362; x_wconf 75' lang='lat' dir='ltr'><strong>peroret</strong></span> <span class='ocrx_word' id='word_1_247' title='bbox 1375 3308 1435 3347; x_wconf 90' lang='lat' dir='ltr'><strong>cum</strong></span> <span class='ocrx_word' id='word_1_248' title='bbox 1455 3292 1556 3347; x_wconf 72' lang='lat' dir='ltr'><strong>Consul</strong></span> <span class='ocrx_word' id='word_1_249' title='bbox 1573 3295 1602 3348; x_wconf 88' lang='lat' dir='ltr'><strong>iu</strong></span> <span class='ocrx_word' id='word_1_250' title='bbox 1620 3295 1693 3361; x_wconf 82' lang='lat' dir='ltr'><strong>urbe,</strong></span> 
     </span>
     <span class='ocr_line' id='line_1_25' title="bbox 1004 3379 1665 3449; baseline -0.003 -13"><span class='ocrx_word' id='word_1_251' title='bbox 1004 3380 1153 3448; x_wconf 66' lang='lat' dir='ltr'><strong>(theudoro</strong></span> <span class='ocrx_word' id='word_1_252' title='bbox 1171 3381 1233 3449; x_wconf 75' lang='lat' dir='ltr'><strong>puio</strong></span> <span class='ocrx_word' id='word_1_253' title='bbox 1252 3379 1331 3433; x_wconf 82' lang='lat' dir='ltr'><strong>uellet</strong></span> <span class='ocrx_word' id='word_1_254' title='bbox 1345 3379 1473 3444; x_wconf 60' lang='lat' dir='ltr'><strong>celsinae)</strong></span> <span class='ocrx_word' id='word_1_255' title='bbox 1492 3386 1570 3433; x_wconf 76' lang='lat' dir='ltr'><strong>astro</strong></span> <span class='ocrx_word' id='word_1_256' title='bbox 1585 3381 1665 3449; x_wconf 82' lang='lat' dir='ltr'><strong>petit.</strong></span> 
     </span>
     <span class='ocr_line' id='line_1_26' title="bbox 970 3465 1727 3536; baseline -0.001 -16"><span class='ocrx_word' id='word_1_257' title='bbox 970 3468 1146 3522; x_wconf 81' lang='lat' dir='ltr'><strong>Plourcruut</strong></span> <span class='ocrx_word' id='word_1_258' title='bbox 1164 3467 1247 3536; x_wconf 81' lang='lat' dir='ltr'><strong>tepea:</strong></span> <span class='ocrx_word' id='word_1_259' title='bbox 1273 3466 1362 3519; x_wconf 79' lang='lat' dir='ltr'><strong>luctus</strong></span> <span class='ocrx_word' id='word_1_260' title='bbox 1379 3465 1474 3520; x_wconf 77' lang='lat' dir='ltr'><strong>ecbola</strong></span> <span class='ocrx_word' id='word_1_261' title='bbox 1494 3472 1597 3520; x_wconf 75' lang='lat' dir='ltr'><strong>auocata</strong></span> <span class='ocrx_word' id='word_1_262' title='bbox 1611 3467 1727 3536; x_wconf 81' lang='lat' dir='ltr'><strong>percpit,</strong></span> 
     </span>
     <span class='ocr_line' id='line_1_27' title="bbox 1009 3551 1669 3621; baseline -0.005 -14"><span class='ocrx_word' id='word_1_263' title='bbox 1009 3554 1108 3608; x_wconf 76' lang='lat' dir='ltr'><strong>Tristia</strong></span> <span class='ocrx_word' id='word_1_264' title='bbox 1127 3559 1153 3607; x_wconf 82' lang='lat' dir='ltr'><strong>ct</strong></span> <span class='ocrx_word' id='word_1_265' title='bbox 1173 3553 1238 3606; x_wconf 81' lang='lat' dir='ltr'><strong>urba</strong></span> <span class='ocrx_word' id='word_1_266' title='bbox 1255 3552 1403 3621; x_wconf 78' lang='lat' dir='ltr'><strong>lachrymis</strong></span> <span class='ocrx_word' id='word_1_267' title='bbox 1421 3552 1513 3606; x_wconf 76' lang='grc'>1111111</span> <span class='ocrx_word' id='word_1_268' title='bbox 1529 3551 1587 3606; x_wconf 84' lang='lat' dir='ltr'><strong>uda</strong></span> <span class='ocrx_word' id='word_1_269' title='bbox 1603 3552 1669 3607; x_wconf 80' lang='lat' dir='ltr'><strong>auia.</strong></span> 
     </span>
     <span class='ocr_line' id='line_1_28' title="bbox 977 3637 1624 3708; baseline -0.002 -15"><span class='ocrx_word' id='word_1_270' title='bbox 977 3638 1102 3694; x_wconf 81' lang='lat' dir='ltr'><strong>Vidimus</strong></span> <span class='ocrx_word' id='word_1_271' title='bbox 1120 3640 1222 3693; x_wconf 81' lang='lat' dir='ltr'><strong>elotum</strong></span> <span class='ocrx_word' id='word_1_272' title='bbox 1237 3654 1367 3708; x_wconf 78' lang='lat' dir='ltr'><strong>procerae</strong></span> <span class='ocrx_word' id='word_1_273' title='bbox 1383 3637 1514 3692; x_wconf 79' lang='lat' dir='ltr'><strong>deducere</strong></span> <span class='ocrx_word' id='word_1_274' title='bbox 1525 3638 1624 3705; x_wconf 84' lang='lat' dir='ltr'><strong>fuuuo,</strong></span> 
     </span>
     <span class='ocr_line' id='line_1_29' title="bbox 1012 3724 1577 3791; baseline 0.002 -15"><span class='ocrx_word' id='word_1_275' title='bbox 1012 3724 1136 3778; x_wconf 80' lang='lat' dir='ltr'><strong>Vidimus</strong></span> <span class='ocrx_word' id='word_1_276' title='bbox 1151 3724 1275 3791; x_wconf 72' lang='lat' dir='ltr'><strong>afflictor</strong></span> <span class='ocrx_word' id='word_1_277' title='bbox 1292 3724 1401 3777; x_wconf 73' lang='grc'>11111111</span> <span class='ocrx_word' id='word_1_278' title='bbox 1417 3724 1458 3777; x_wconf 80' lang='lat' dir='ltr'><strong>irc</strong></span> <span class='ocrx_word' id='word_1_279' title='bbox 1472 3729 1577 3791; x_wconf 83' lang='lat' dir='ltr'><strong>patrea.</strong></span> 
     </span>
     <span class='ocr_line' id='line_1_30' title="bbox 973 3809 1656 3876; baseline -0.001 -13"><span class='ocrx_word' id='word_1_280' title='bbox 973 3810 1102 3863; x_wconf 79' lang='lat' dir='ltr'><strong>Omnibus</strong></span> <span class='ocrx_word' id='word_1_281' title='bbox 1120 3816 1243 3863; x_wconf 77' lang='lat' dir='ltr'><strong>extremo</strong></span> <span class='ocrx_word' id='word_1_282' title='bbox 1259 3809 1378 3862; x_wconf 75' lang='lat' dir='ltr'><strong>morium</strong></span> <span class='ocrx_word' id='word_1_283' title='bbox 1393 3810 1442 3876; x_wconf 79' lang='lat' dir='ltr'><strong>qui</strong></span> <span class='ocrx_word' id='word_1_284' title='bbox 1459 3825 1523 3864; x_wconf 80' lang='lat' dir='ltr'><strong>uoce</strong></span> <span class='ocrx_word' id='word_1_285' title='bbox 1540 3809 1656 3864; x_wconf 73' lang='grc'>11111111</span> 
     </span>
     <span class='ocr_line' id='line_1_31' title="bbox 1005 3896 1628 3961; baseline 0 -12"><span class='ocrx_word' id='word_1_286' title='bbox 1005 3896 1136 3961; x_wconf 78' lang='lat' dir='ltr'><strong>Dixerat,</strong></span> <span class='ocrx_word' id='word_1_287' title='bbox 1153 3897 1225 3949; x_wconf 78' lang='grc'>11111</span> <span class='ocrx_word' id='word_1_288' title='bbox 1243 3910 1333 3948; x_wconf 81' lang='lat' dir='ltr'><strong>onruce</strong></span> <span class='ocrx_word' id='word_1_289' title='bbox 1350 3910 1406 3948; x_wconf 84' lang='lat' dir='ltr'><strong>uon</strong></span> <span class='ocrx_word' id='word_1_290' title='bbox 1423 3896 1534 3949; x_wconf 79' lang='lat' dir='ltr'><strong>voluere</strong></span> <span class='ocrx_word' id='word_1_291' title='bbox 1551 3897 1628 3950; x_wconf 76' lang='lat' dir='ltr'><strong>mori</strong></span> 
     </span>
     <span class='ocr_line' id='line_1_32' title="bbox 973 3981 1745 4052; baseline 0.001 -17"><span class='ocrx_word' id='word_1_292' title='bbox 973 3981 1041 4052; x_wconf 76' lang='lat' dir='ltr'><strong>Quia</strong></span> <span class='ocrx_word' id='word_1_293' title='bbox 1054 3987 1188 4049; x_wconf 75' lang='lat' dir='ltr'><strong>metueret,</strong></span> <span class='ocrx_word' id='word_1_294' title='bbox 1201 3981 1298 4051; x_wconf 77' lang='lat' dir='ltr'><strong>pluma</strong></span> <span class='ocrx_word' id='word_1_295' title='bbox 1309 3981 1464 4050; x_wconf 81' lang='lat' dir='ltr'><strong>lachrymae</strong></span> <span class='ocrx_word' id='word_1_296' title='bbox 1474 3983 1629 4036; x_wconf 70' lang='lat' dir='ltr'><strong>ccatuaimo</strong></span> <span class='ocrx_word' id='word_1_297' title='bbox 1642 3982 1745 4050; x_wconf 69' lang='lat' dir='ltr'><strong>conjux</strong></span> 
     </span>
     <span class='ocr_line' id='line_1_33' title="bbox 1006 4067 1711 4138; baseline 0 -16"><span class='ocrx_word' id='word_1_298' title='bbox 1006 4067 1132 4133; x_wconf 83' lang='lat' dir='ltr'><strong>Fuderit,</strong></span> <span class='ocrx_word' id='word_1_299' title='bbox 1150 4085 1187 4122; x_wconf 85' lang='lat' dir='ltr'><strong>ou</strong></span> <span class='ocrx_word' id='word_1_300' title='bbox 1204 4068 1283 4122; x_wconf 83' lang='lat' dir='ltr'><strong>uati?</strong></span> <span class='ocrx_word' id='word_1_301' title='bbox 1298 4067 1491 4136; x_wconf 74' lang='lat' dir='ltr'><strong>plebanatum,</strong></span> <span class='ocrx_word' id='word_1_302' title='bbox 1509 4083 1580 4122; x_wconf 79' lang='lat' dir='ltr'><strong>cuae</strong></span> <span class='ocrx_word' id='word_1_303' title='bbox 1593 4068 1711 4138; x_wconf 77' lang='lat' dir='ltr'><strong>patrea?</strong></span> 
     </span>
     <span class='ocr_line' id='line_1_34' title="bbox 970 4154 1744 4225; baseline -0.001 -17"><span class='ocrx_word' id='word_1_304' title='bbox 970 4154 1037 4208; x_wconf 86' lang='lat' dir='ltr'><strong>Nou</strong></span> <span class='ocrx_word' id='word_1_305' title='bbox 1054 4154 1099 4209; x_wconf 79' lang='lat' dir='ltr'><strong>illi</strong></span> <span class='ocrx_word' id='word_1_306' title='bbox 1116 4170 1198 4208; x_wconf 75' lang='lat' dir='ltr'><strong>carrae</strong></span> <span class='ocrx_word' id='word_1_307' title='bbox 1217 4154 1386 4224; x_wconf 68' lang='grc' dir='ltr'><strong>1111111111.Ι</strong></span> <span class='ocrx_word' id='word_1_308' title='bbox 1411 4160 1481 4208; x_wconf 82' lang='lat' dir='ltr'><strong>tenet</strong></span> <span class='ocrx_word' id='word_1_309' title='bbox 1506 4154 1580 4209; x_wconf 78' lang='lat' dir='ltr'><strong>albu</strong></span> <span class='ocrx_word' id='word_1_310' title='bbox 1600 4154 1744 4225; x_wconf 76' lang='lat' dir='ltr'><strong>Olympum</strong></span> 
     </span>
     <span class='ocr_line' id='line_1_35' title="bbox 1005 4240 1574 4309; baseline -0.004 -14"><span class='ocrx_word' id='word_1_311' title='bbox 1005 4240 1117 4309; x_wconf 76' lang='lat' dir='ltr'><strong>Nosque</strong></span> <span class='ocrx_word' id='word_1_312' title='bbox 1137 4240 1286 4295; x_wconf 76' lang='lat' dir='ltr'><strong>resultante</strong></span> <span class='ocrx_word' id='word_1_313' title='bbox 1304 4256 1368 4295; x_wconf 82' lang='lat' dir='ltr'><strong>uoce</strong></span> <span class='ocrx_word' id='word_1_314' title='bbox 1384 4240 1476 4294; x_wconf 74' lang='lat' dir='ltr'><strong>roure</strong></span> <span class='ocrx_word' id='word_1_315' title='bbox 1489 4240 1574 4306; x_wconf 78' lang='lat' dir='ltr'><strong>jubet.</strong></span> 
     </span>
    </p>
   </div>
   <div class='ocr_carea' id='block_1_5' title="bbox 1087 4453 1627 4520">
    <p class='ocr_par' dir='ltr' id='par_1_5' title="bbox 1087 4453 1627 4520">
     <span class='ocr_line' id='line_1_36' title="bbox 1087 4453 1627 4520; baseline 0.004 -5"><span class='ocrx_word' id='word_1_316' title='bbox 1087 4453 1274 4518; x_wconf 80' lang='lat' dir='ltr'><strong>Antonius</strong></span> <span class='ocrx_word' id='word_1_317' title='bbox 1301 4454 1627 4520; x_wconf 83' lang='lat' dir='ltr'><strong>Heistermarmus.</strong></span> 
     </span>
    </p>
   </div>
   <div class='ocr_carea' id='block_1_6' title="bbox 483 4583 2233 5543">
    <p class='ocr_par' dir='ltr' id='par_1_6' title="bbox 483 4583 2233 5543">
     <span class='ocr_line' id='line_1_37' title="bbox 607 4583 2232 4667; baseline -0.001 -18"><span class='ocrx_word' id='word_1_318' title='bbox 607 4584 806 4650; x_wconf 88' lang='lat' dir='ltr'><strong>Brakelensis</strong></span> <span class='ocrx_word' id='word_1_319' title='bbox 836 4583 1035 4666; x_wconf 87' lang='lat' dir='ltr'><strong>Westphalus</strong></span> <span class='ocrx_word' id='word_1_320' title='bbox 1064 4585 1093 4651; x_wconf 88' lang='lat' dir='ltr'><strong>J.</strong></span> <span class='ocrx_word' id='word_1_321' title='bbox 1116 4584 1154 4650; x_wconf 91' lang='lat' dir='ltr'><strong>U.</strong></span> <span class='ocrx_word' id='word_1_322' title='bbox 1176 4585 1214 4649; x_wconf 92' lang='lat' dir='ltr'><strong>D.</strong></span> <span class='ocrx_word' id='word_1_323' title='bbox 1243 4586 1371 4651; x_wconf 89' lang='lat' dir='ltr'><strong>summis</strong></span> <span class='ocrx_word' id='word_1_324' title='bbox 1406 4584 1567 4667; x_wconf 91' lang='lat' dir='ltr'><strong>quibusvis</strong></span> <span class='ocrx_word' id='word_1_325' title='bbox 1592 4586 1707 4650; x_wconf 90' lang='lat' dir='ltr'><strong>aetatis</strong></span> <span class='ocrx_word' id='word_1_326' title='bbox 1735 4604 1811 4651; x_wconf 88' lang='lat' dir='ltr'><strong>suae</strong></span> <span class='ocrx_word' id='word_1_327' title='bbox 1841 4586 1915 4651; x_wconf 87' lang='lat' dir='ltr'><strong>viris</strong></span> <span class='ocrx_word' id='word_1_328' title='bbox 1945 4585 1994 4651; x_wconf 91' lang='lat' dir='ltr'><strong>vel</strong></span> <span class='ocrx_word' id='word_1_329' title='bbox 2025 4585 2152 4667; x_wconf 89' lang='lat' dir='ltr'><strong>ingenio</strong></span> <span class='ocrx_word' id='word_1_330' title='bbox 2183 4584 2232 4648; x_wconf 88' lang='lat' dir='ltr'><strong>vel</strong></span> 
     </span>
     <span class='ocr_line' id='line_1_38' title="bbox 485 4683 2233 4769; baseline 0.001 -23"><span class='ocrx_word' id='word_1_331' title='bbox 485 4683 626 4748; x_wconf 89' lang='lat' dir='ltr'><strong>doctrina</strong></span> <span class='ocrx_word' id='word_1_332' title='bbox 647 4684 696 4749; x_wconf 85' lang='lat' dir='ltr'><strong>vel</strong></span> <span class='ocrx_word' id='word_1_333' title='bbox 716 4684 894 4766; x_wconf 82' lang='lat' dir='ltr'><strong>eloquentia</strong></span> <span class='ocrx_word' id='word_1_334' title='bbox 916 4703 975 4766; x_wconf 89' lang='lat' dir='ltr'><strong>par</strong></span> <span class='ocrx_word' id='word_1_335' title='bbox 995 4684 1120 4750; x_wconf 86' lang='lat' dir='ltr'><strong>habitus</strong></span> <span class='ocrx_word' id='word_1_336' title='bbox 1142 4685 1244 4767; x_wconf 90' lang='lat' dir='ltr'><strong>prima</strong></span> <span class='ocrx_word' id='word_1_337' title='bbox 1266 4684 1442 4750; x_wconf 87' lang='lat' dir='ltr'><strong>studiorum</strong></span> <span class='ocrx_word' id='word_1_338' title='bbox 1462 4684 1614 4765; x_wconf 87' lang='lat' dir='ltr'><strong>tyrocinia</strong></span> <span class='ocrx_word' id='word_1_339' title='bbox 1634 4684 1901 4766; x_wconf 81' lang='lat' dir='ltr'><strong>inWestphalicis</strong></span> <span class='ocrx_word' id='word_1_340' title='bbox 1922 4685 2094 4767; x_wconf 83' lang='lat' dir='ltr'><strong>gymnasiis</strong></span> <span class='ocrx_word' id='word_1_341' title='bbox 2115 4683 2233 4769; x_wconf 78' lang='lat' dir='ltr'><strong>posuit,</strong></span> 
     </span>
     <span class='ocr_line' id='line_1_39' title="bbox 484 4783 2233 4866; baseline 0.001 -20"><span class='ocrx_word' id='word_1_342' title='bbox 484 4783 512 4847; x_wconf 90' lang='lat' dir='ltr'><strong>si</strong></span> <span class='ocrx_word' id='word_1_343' title='bbox 534 4783 699 4864; x_wconf 89' lang='lat' dir='ltr'><strong>quisquam</strong></span> <span class='ocrx_word' id='word_1_344' title='bbox 719 4784 817 4865; x_wconf 81' lang='lat' dir='ltr'><strong>aliua,</strong></span> <span class='ocrx_word' id='word_1_345' title='bbox 846 4785 980 4865; x_wconf 90' lang='lat' dir='ltr'><strong>egregie.</strong></span> <span class='ocrx_word' id='word_1_346' title='bbox 1031 4783 1232 4849; x_wconf 89' lang='lat' dir='ltr'><strong>Postmodum</strong></span> <span class='ocrx_word' id='word_1_347' title='bbox 1261 4784 1379 4865; x_wconf 91' lang='lat' dir='ltr'><strong>ingenii</strong></span> <span class='ocrx_word' id='word_1_348' title='bbox 1407 4783 1497 4865; x_wconf 89' lang='lat' dir='ltr'><strong>quasi</strong></span> <span class='ocrx_word' id='word_1_349' title='bbox 1525 4788 1619 4848; x_wconf 88' lang='lat' dir='ltr'><strong>aestu</strong></span> <span class='ocrx_word' id='word_1_350' title='bbox 1639 4783 1777 4864; x_wconf 90' lang='lat' dir='ltr'><strong>quodam</strong></span> <span class='ocrx_word' id='word_1_351' title='bbox 1799 4784 1950 4866; x_wconf 89' lang='lat' dir='ltr'><strong>abreptus</strong></span> <span class='ocrx_word' id='word_1_352' title='bbox 1977 4791 2011 4850; x_wconf 92' lang='lat' dir='ltr'><strong>et</strong></span> <span class='ocrx_word' id='word_1_353' title='bbox 2036 4785 2069 4849; x_wconf 92' lang='lat' dir='ltr'><strong>in</strong></span> <span class='ocrx_word' id='word_1_354' title='bbox 2091 4783 2192 4849; x_wconf 91' lang='lat' dir='ltr'><strong>altum</strong></span> <span class='ocrx_word' id='word_1_355' title='bbox 2214 4802 2233 4847; x_wconf 89' lang='lat' dir='ltr'><strong>e</strong></span> 
     </span>
     <span class='ocr_line' id='line_1_40' title="bbox 485 4882 2232 4966; baseline 0.001 -20"><span class='ocrx_word' id='word_1_356' title='bbox 485 4887 652 4963; x_wconf 89' lang='lat' dir='ltr'><strong>conspectu</strong></span> <span class='ocrx_word' id='word_1_357' title='bbox 676 4901 755 4964; x_wconf 92' lang='lat' dir='ltr'><strong>pene</strong></span> <span class='ocrx_word' id='word_1_358' title='bbox 790 4883 928 4949; x_wconf 91' lang='lat' dir='ltr'><strong>omnium</strong></span> <span class='ocrx_word' id='word_1_359' title='bbox 963 4882 1143 4949; x_wconf 87' lang='lat' dir='ltr'><strong>abstractus</strong></span> <span class='ocrx_word' id='word_1_360' title='bbox 1171 4901 1356 4964; x_wconf 90' lang='lat' dir='ltr'><strong>omnemque</strong></span> <span class='ocrx_word' id='word_1_361' title='bbox 1388 4901 1494 4948; x_wconf 91' lang='lat' dir='ltr'><strong>rerum</strong></span> <span class='ocrx_word' id='word_1_362' title='bbox 1520 4887 1553 4947; x_wconf 88' lang='lat' dir='ltr'><strong>et</strong></span> <span class='ocrx_word' id='word_1_363' title='bbox 1581 4882 1723 4963; x_wconf 90' lang='lat' dir='ltr'><strong>inprimis</strong></span> <span class='ocrx_word' id='word_1_364' title='bbox 1753 4884 1834 4965; x_wconf 89' lang='lat' dir='ltr'><strong>jnris</strong></span> <span class='ocrx_word' id='word_1_365' title='bbox 1863 4884 2026 4950; x_wconf 87' lang='lat' dir='ltr'><strong>scientiam</strong></span> <span class='ocrx_word' id='word_1_366' title='bbox 2053 4883 2232 4966; x_wconf 83' lang='lat' dir='ltr'><strong>complexus</strong></span> 
     </span>
     <span class='ocr_line' id='line_1_41' title="bbox 484 4981 2232 5066; baseline 0.002 -21"><span class='ocrx_word' id='word_1_367' title='bbox 484 4981 654 5046; x_wconf 87' lang='lat' dir='ltr'><strong>Hessomm</strong></span> <span class='ocrx_word' id='word_1_368' title='bbox 673 4982 827 5063; x_wconf 89' lang='lat' dir='ltr'><strong>Principis</strong></span> <span class='ocrx_word' id='word_1_369' title='bbox 849 4981 984 5063; x_wconf 91' lang='lat' dir='ltr'><strong>Philippi</strong></span> <span class='ocrx_word' id='word_1_370' title='bbox 1012 4983 1115 5049; x_wconf 88' lang='lat' dir='ltr'><strong>accitu</strong></span> <span class='ocrx_word' id='word_1_371' title='bbox 1144 4983 1260 5049; x_wconf 91' lang='lat' dir='ltr'><strong>nostris</strong></span> <span class='ocrx_word' id='word_1_372' title='bbox 1291 4982 1377 5048; x_wconf 88' lang='lat' dir='ltr'><strong>hisce</strong></span> <span class='ocrx_word' id='word_1_373' title='bbox 1403 4981 1564 5047; x_wconf 88' lang='lat' dir='ltr'><strong>Musarum</strong></span> <span class='ocrx_word' id='word_1_374' title='bbox 1584 4981 1753 5048; x_wconf 87' lang='lat' dir='ltr'><strong>Penatibus</strong></span> <span class='ocrx_word' id='word_1_375' title='bbox 1783 4983 1932 5049; x_wconf 84' lang='lat' dir='ltr'><strong>successit</strong></span> <span class='ocrx_word' id='word_1_376' title='bbox 1961 4982 2088 5066; x_wconf 82' lang='lat' dir='ltr'><strong>hospes,</strong></span> <span class='ocrx_word' id='word_1_377' title='bbox 2119 5000 2232 5048; x_wconf 89' lang='lat' dir='ltr'><strong>munus</strong></span> 
     </span>
     <span class='ocr_line' id='line_1_42' title="bbox 485 5079 2232 5163; baseline 0.002 -19"><span class='ocrx_word' id='word_1_378' title='bbox 485 5079 632 5162; x_wconf 89' lang='lat' dir='ltr'><strong>docendi,</strong></span> <span class='ocrx_word' id='word_1_379' title='bbox 659 5080 744 5161; x_wconf 93' lang='lat' dir='ltr'><strong>quod</strong></span> <span class='ocrx_word' id='word_1_380' title='bbox 762 5086 834 5162; x_wconf 93' lang='lat' dir='ltr'><strong>post</strong></span> <span class='ocrx_word' id='word_1_381' title='bbox 857 5081 1059 5163; x_wconf 89' lang='lat' dir='ltr'><strong>Oldendorpii</strong></span> <span class='ocrx_word' id='word_1_382' title='bbox 1086 5082 1204 5147; x_wconf 91' lang='lat' dir='ltr'><strong>obitum</strong></span> <span class='ocrx_word' id='word_1_383' title='bbox 1231 5082 1415 5163; x_wconf 88' lang='lat' dir='ltr'><strong>primarium</strong></span> <span class='ocrx_word' id='word_1_384' title='bbox 1443 5082 1575 5163; x_wconf 88' lang='lat' dir='ltr'><strong>contigit</strong></span> <span class='ocrx_word' id='word_1_385' title='bbox 1601 5081 1727 5163; x_wconf 90' lang='lat' dir='ltr'><strong>homini,</strong></span> <span class='ocrx_word' id='word_1_386' title='bbox 1757 5082 1903 5147; x_wconf 90' lang='lat' dir='ltr'><strong>oratione</strong></span> <span class='ocrx_word' id='word_1_387' title='bbox 1930 5082 1964 5147; x_wconf 91' lang='lat' dir='ltr'><strong>in</strong></span> <span class='ocrx_word' id='word_1_388' title='bbox 1992 5081 2123 5163; x_wconf 85' lang='lat' dir='ltr'><strong>collegio</strong></span> <span class='ocrx_word' id='word_1_389' title='bbox 2153 5082 2232 5147; x_wconf 87' lang='lat' dir='ltr'><strong>Laui</strong></span> 
     </span>
     <span class='ocr_line' id='line_1_43' title="bbox 484 5178 2232 5266; baseline 0.001 -21"><span class='ocrx_word' id='word_1_390' title='bbox 484 5197 566 5245; x_wconf 91' lang='lat' dir='ltr'><strong>anno</strong></span> <span class='ocrx_word' id='word_1_391' title='bbox 587 5178 753 5246; x_wconf 85' lang='lat' dir='ltr'>MDLXIV</span> <span class='ocrx_word' id='word_1_392' title='bbox 773 5178 851 5261; x_wconf 88' lang='lat' dir='ltr'><strong>Maji</strong></span> <span class='ocrx_word' id='word_1_393' title='bbox 875 5180 927 5246; x_wconf 90' lang='lat' dir='ltr'><strong>die</strong></span> <span class='ocrx_word' id='word_1_394' title='bbox 948 5179 1082 5261; x_wconf 87' lang='lat' dir='ltr'><strong>septima</strong></span> <span class='ocrx_word' id='word_1_395' title='bbox 1100 5180 1209 5246; x_wconf 88' lang='lat' dir='ltr'><strong>habita</strong></span> <span class='ocrx_word' id='word_1_396' title='bbox 1230 5182 1421 5263; x_wconf 86' lang='lat' dir='ltr'><strong>auspicatus.</strong></span> <span class='ocrx_word' id='word_1_397' title='bbox 1464 5180 1532 5259; x_wconf 82' lang='lat' dir='ltr'><strong>Quo</strong></span> <span class='ocrx_word' id='word_1_398' title='bbox 1553 5179 1722 5262; x_wconf 89' lang='lat' dir='ltr'><strong>quidemin</strong></span> <span class='ocrx_word' id='word_1_399' title='bbox 1739 5198 1867 5248; x_wconf 89' lang='lat' dir='ltr'><strong>munere</strong></span> <span class='ocrx_word' id='word_1_400' title='bbox 1888 5181 1934 5248; x_wconf 87' lang='lat' dir='ltr'><strong>ita</strong></span> <span class='ocrx_word' id='word_1_401' title='bbox 1955 5199 1989 5247; x_wconf 89' lang='lat' dir='ltr'><strong>se</strong></span> <span class='ocrx_word' id='word_1_402' title='bbox 2011 5182 2172 5266; x_wconf 79' lang='lat' dir='ltr'><strong>tractauit,</strong></span> <span class='ocrx_word' id='word_1_403' title='bbox 2197 5187 2232 5248; x_wconf 90' lang='lat' dir='ltr'><strong>ut</strong></span> 
     </span>
     <span class='ocr_line' id='line_1_44' title="bbox 484 5277 2232 5362; baseline 0.002 -19"><span class='ocrx_word' id='word_1_404' title='bbox 484 5287 518 5343; x_wconf 90' lang='lat' dir='ltr'><strong>et</strong></span> <span class='ocrx_word' id='word_1_405' title='bbox 544 5277 681 5344; x_wconf 91' lang='lat' dir='ltr'><strong>docendo</strong></span> <span class='ocrx_word' id='word_1_406' title='bbox 717 5284 750 5345; x_wconf 92' lang='lat' dir='ltr'><strong>et</strong></span> <span class='ocrx_word' id='word_1_407' title='bbox 787 5280 827 5344; x_wconf 93' lang='lat' dir='ltr'><strong>de</strong></span> <span class='ocrx_word' id='word_1_408' title='bbox 856 5280 927 5362; x_wconf 91' lang='lat' dir='ltr'><strong>jure</strong></span> <span class='ocrx_word' id='word_1_409' title='bbox 959 5280 1027 5360; x_wconf 91' lang='lat' dir='ltr'><strong>ipso</strong></span> <span class='ocrx_word' id='word_1_410' title='bbox 1054 5280 1270 5362; x_wconf 89' lang='lat' dir='ltr'><strong>respondendo</strong></span> <span class='ocrx_word' id='word_1_411' title='bbox 1306 5279 1347 5346; x_wconf 91' lang='lat' dir='ltr'><strong>ad</strong></span> <span class='ocrx_word' id='word_1_412' title='bbox 1382 5297 1532 5346; x_wconf 88' lang='lat' dir='ltr'><strong>summam</strong></span> <span class='ocrx_word' id='word_1_413' title='bbox 1560 5280 1784 5347; x_wconf 85' lang='lat' dir='ltr'><strong>authoritatem</strong></span> <span class='ocrx_word' id='word_1_414' title='bbox 1822 5282 1959 5347; x_wconf 92' lang='lat' dir='ltr'><strong>omnium</strong></span> <span class='ocrx_word' id='word_1_415' title='bbox 1987 5298 2141 5347; x_wconf 89' lang='lat' dir='ltr'><strong>consensu</strong></span> <span class='ocrx_word' id='word_1_416' title='bbox 2171 5282 2232 5349; x_wconf 90' lang='lat' dir='ltr'><strong>sibi</strong></span> 
     </span>
     <span class='ocr_line' id='line_1_45' title="bbox 484 5377 2233 5461; baseline 0.003 -20"><span class='ocrx_word' id='word_1_417' title='bbox 484 5378 646 5459; x_wconf 88' lang='lat' dir='ltr'><strong>paraverit</strong></span> <span class='ocrx_word' id='word_1_418' title='bbox 675 5377 812 5459; x_wconf 89' lang='lat' dir='ltr'><strong>aditum,</strong></span> <span class='ocrx_word' id='word_1_419' title='bbox 840 5377 873 5444; x_wconf 94' lang='lat' dir='ltr'><strong>id</strong></span> <span class='ocrx_word' id='word_1_420' title='bbox 902 5380 989 5461; x_wconf 90' lang='lat' dir='ltr'><strong>qnod</strong></span> <span class='ocrx_word' id='word_1_421' title='bbox 1017 5378 1182 5461; x_wconf 88' lang='lat' dir='ltr'><strong>Paganus,</strong></span> <span class='ocrx_word' id='word_1_422' title='bbox 1211 5380 1360 5461; x_wconf 89' lang='lat' dir='ltr'><strong>quitum</strong></span> <span class='ocrx_word' id='word_1_423' title='bbox 1388 5378 1536 5460; x_wconf 88' lang='lat' dir='ltr'><strong>temporis</strong></span> <span class='ocrx_word' id='word_1_424' title='bbox 1564 5379 1596 5444; x_wconf 89' lang='lat' dir='ltr'><strong>in</strong></span> <span class='ocrx_word' id='word_1_425' title='bbox 1624 5379 1684 5445; x_wconf 84' lang='lat' dir='ltr'><strong>u‘ri</strong></span> <span class='ocrx_word' id='word_1_426' title='bbox 1715 5379 1840 5447; x_wconf 91' lang='lat' dir='ltr'><strong>laudem</strong></span> <span class='ocrx_word' id='word_1_427' title='bbox 1866 5379 1959 5448; x_wconf 89' lang='lat' dir='ltr'><strong>hosce</strong></span> <span class='ocrx_word' id='word_1_428' title='bbox 1986 5398 2096 5447; x_wconf 84' lang='lat' dir='ltr'><strong>versus</strong></span> <span class='ocrx_word' id='word_1_429' title='bbox 2124 5379 2233 5461; x_wconf 89' lang='lat' dir='ltr'><strong>edidit,</strong></span> 
     </span>
     <span class='ocr_line' id='line_1_46' title="bbox 483 5477 832 5543; baseline 0 -2"><span class='ocrx_word' id='word_1_430' title='bbox 483 5478 585 5543; x_wconf 90' lang='lat' dir='ltr'><strong>innuit</strong></span> <span class='ocrx_word' id='word_1_431' title='bbox 609 5495 670 5542; x_wconf 91' lang='lat' dir='ltr'><strong>non</strong></span> <span class='ocrx_word' id='word_1_432' title='bbox 690 5477 832 5543; x_wconf 91' lang='lat' dir='ltr'><strong>obscure:</strong></span> 
     </span>
    </p>
   </div>
   <div class='ocr_carea' id='block_1_7' title="bbox 591 5658 1747 5731">
    <p class='ocr_par' dir='ltr' id='par_1_7' title="bbox 591 5658 1747 5731">
     <span class='ocr_line' id='line_1_47' title="bbox 591 5658 1747 5731; baseline 0.001 -16"><span class='ocrx_word' id='word_1_433' title='bbox 591 5661 619 5729; x_wconf 86' lang='lat' dir='ltr'><strong>l)</strong></span> <span class='ocrx_word' id='word_1_434' title='bbox 638 5658 716 5726; x_wconf 79' lang='lat' dir='ltr'><strong>Quod</strong></span> <span class='ocrx_word' id='word_1_435' title='bbox 733 5659 833 5715; x_wconf 84' lang='lat' dir='ltr'><strong>iactum</strong></span> <span class='ocrx_word' id='word_1_436' title='bbox 852 5668 895 5717; x_wconf 83' lang='lat' dir='ltr'><strong>cst</strong></span> <span class='ocrx_word' id='word_1_437' title='bbox 912 5677 935 5716; x_wconf 88' lang='grc'><strong>1</strong></span> <span class='ocrx_word' id='word_1_438' title='bbox 955 5660 1087 5717; x_wconf 75' lang='lat' dir='ltr'><strong>unxhv</strong></span> <span class='ocrx_word' id='word_1_439' title='bbox 1105 5661 1244 5719; x_wconf 82' lang='lat' dir='ltr'><strong>Striedcro</strong></span> <span class='ocrx_word' id='word_1_440' title='bbox 1262 5668 1342 5719; x_wconf 83' lang='lat' dir='ltr'><strong>teste.</strong></span> <span class='ocrx_word' id='word_1_441' title='bbox 1460 5666 1489 5731; x_wconf 77' lang='lat'><strong>2)</strong></span> <span class='ocrx_word' id='word_1_442' title='bbox 1507 5663 1598 5719; x_wconf 81' lang='lat' dir='ltr'><strong>Locus</strong></span> <span class='ocrx_word' id='word_1_443' title='bbox 1616 5660 1747 5731; x_wconf 73' lang='lat' dir='ltr'><strong>imaginis.</strong></span> 
     </span>
    </p>
   </div>
   <div class='ocr_carea' id='block_1_8' title="bbox 0 0 2720 7267">
    <p class='ocr_par' dir='ltr' id='par_1_8' title="bbox 0 0 2720 7267">
     <span class='ocr_line' id='line_1_48' title="bbox 0 0 2720 7267; baseline 0 0"><span class='ocrx_word' id='word_1_444' title='bbox 0 0 2720 7267; x_wconf 95' lang='lat' dir='ltr'><strong> </strong></span> 
     </span>
    </p>
   </div>
  </div>
 </body>
</html>
