5409 7267
2161 969 2208 1041 79

479 1180 589 1264 figmis
609 1185 644 1246 et
663 1180 784 1249 drculis
803 1178 927 1263 egregie
948 1182 1085 1246 amatas.
1126 1178 1238 1245 Libros
1258 1177 1350 1246 Petri
1371 1178 1518 1263 amau
1530 1180 1559 1262 ¹)
1577 1178 1760 1262 Δροηοκεὶε
1780 1176 1821 1245 de
1843 1173 1979 1245 Venonis
1999 1181 2033 1243 et
2047 1175 2217 1243 Abolani

479 1281 602 1349 ludaei
622 1280 803 1363 libelbeu’)
844 1279 1025 1362 earnem
1058 1283 1091 1345 et
1124 1278 1238 1361 edidit,
1274 1284 1311 1346 ut
1343 1285 1377 1345 et
1410 1278 1552 1345 Joanne'e
1581 1276 1742 1361 duamani
1775 1276 2061 1362 &mopsoplieas
2092 1276 2216 1360 aliquot

480 1382 710 1464 clunabuoncs
736 1387 768 1447 et
795 1380 835 1445 de
865 1377 1011 1462 sphaera
1039 1378 1307 1464 Oosnaprapblca
1339 1378 1535 1462 confieuruo
1566 1395 1636 1445 cum
1664 1377 1851 1461 quibusdem
1879 1378 1950 1443 eliis
1976 1379 2010 1443 in
2037 1375 2216 1444 suanae

482 1480 727 1565 Gmmopbianc
777 1478 910 1560 Scripsit
941 1478 1038 1543 etiem
1068 1479 1247 1546 Amanus
1272 1479 1437 1545 manius·
1477 1479 1681 1546 fitnccturon
1717 1476 1865 1562 abacis
1890 1476 2061 1561 Horolopii
2090 1476 2217 1543 Solonis

480 1582 692 1664 (mmpsssnm
709 1579 839 1661 vocem)
858 1583 892 1644 et
914 1577 954 1644 de
975 1578 1140 1662 Mapnetis
1158 1581 1246 1645 niro
1256 1580 1438 1663 facultate:
1466 1580 1505 1645 ola
1526 1579 1665 1646 divesis
1684 1580 1802 1645 rotatis
1823 1584 1890 1644 tau
1909 1578 2099 1656 octauam,
2120 1595 2217 1660 ouon

482 1700 624 1764 appenw
637 1679 781 1762 pondere
802 1699 836 1744 se
856 1678 1051 1745 umentibus
1070 1678 1214 1745 noratis
1225 1679 1349 1762 ferreis
1371 1679 1538 1762 waere:
1560 1675 1704 1745 Oenones
1723 1679 1760 1744 in
1779 1674 1973 1760 balaum
1997 1679 2035 1742 in
2054 1674 2219 1761 Orpanene

482 1781 660 1848 Ptolomaei
685 1780 726 1845 de
754 1778 977 1860 compositione
1003 1784 1034 1844 et
1058 1798 1121 1846 usu
1147 1777 1367 1844 duae-libros:
1408 1777 1559 1862 cylindri
1584 1780 1621 1845 iu
1641 1780 1759 1861 poeula
1786 1777 1979 1863 efformoncll
2005 1779 2163 1843 ratim
2189 1783 2219 1843 et

482 1900 593 1948 usum.-
621 1877 859 1957 Asuomuunu
887 1877 944 1943 ubi
963 1896 1021 1943 nes
1047 1897 1127 1961 opus
1148 1885 1197 1945 cst
1214 1884 1292 1957 rete,
1320 1877 1407 1944 linea
1425 1878 1584 1960 fiduciae,
1612 1897 1669 1944 nec
1691 1898 1850 1961 quomam
1871 1876 1954 1958 alio,
1986 1878 2053 1943 nisi
2067 1878 2219 1958 pennus·

482 1979 751 2061 nemusculo
768 1977 892 2044 mobili:
915 1976 1133 2059 Quadrantem
1151 1978 1405 2061 seuaqaoariunn,
1423 1978 1674 2045 Instrumentum
1693 1979 1830 2044 dictum
1852 1978 2054 2060 wantis
2070 1975 2219 2059 Appiani

484 2083 644 2163 copiosam
663 2078 906 2161 replicationem
929 2083 960 2144 at
978 2097 1086 2158 want,
1118 2083 1152 2143 et
1178 2082 1350 2144 tractatam
1378 2078 1417 2144 de
1444 2079 1568 2160 duplici
1593 2084 1698 2146 urnae
1712 2079 1911 2160 majestione
1935 2080 1972 2143 in
1993 2075 2133 2159 panon
2155 2094 2220 2158 pro

484 2182 629 2263 nappe.-
648 2178 778 2246 Librum
799 2194 923 2258 quoque
942 2178 982 2243 de
1002 2178 1123 2245 mans
1142 2197 1251 2244 remon
1271 2178 1440 2244 miraculis
1460 2178 1517 2244 sub
1539 2178 1684 2244 menibus
1704 2176 1824 2244 habat.
1856 2177 1997 2242 mester
2016 2175 2094 2241 haec
2114 2179 2221 2240 eutem

487 2280 565 2346 editi
591 2278 633 2345 eb
657 2280 724 2361 ipso
753 2281 830 2343 sunt
858 2276 988 2343 Enuicii
1009 2277 1108 2344 Ooroli
1136 2278 1200 2343 deco
1225 2274 1302 2343 libri
1323 2275 1510 2344 &anania
1537 2279 1576 2344 ole
1605 2278 1727 2344 calculo
1754 2275 1898 2344 curando
1928 2284 1959 2343 et
1985 2275 2024 2343 ae
2045 2276 2221 2340 -urinonon

480 2381 624 2464 judicio:
646 2380 685 2445 ole
704 2398 768 2443 usu
788 2376 973 2443 &cunano
994 2379 1109 2444 medici
1129 2385 1159 2444 et
1180 2378 1413 2445 mecluinanum
1433 2375 1554 2445 libellus
1569 2377 1787 2444 Germanicus:
1807 2382 1903 2457 etque
1923 2375 2047 2442 libellus
2068 2373 2107 2440 de
2121 2380 2221 2455 pente.

487 2480 596 2546 Virum
618 2479 718 2559 igitur
737 2477 784 2542 sic
804 2494 878 2542 vere
896 2476 1046 2544 describit
1065 2477 1209 2559 Nigidius

969 2580 1037 2633 Arre
1055 2579 1255 2634 Matlmatica
1268 2577 1433 2647 praecelluit
1449 2574 1496 2630 ilie
1513 2571 1669 2645 Dryander,

1003 2666 1045 2720 Et
1063 2664 1174 2719 Medica
1189 2664 1299 2734 portur
1316 2663 1417 2717 nobilis
1435 2668 1495 2717 arte
1506 2662 1576 2731 fuit.

969 2750 1020 2805 Es
1036 2752 1097 2806 alta
1112 2750 1208 2806 docuit
1223 2766 1323 2820 maana
1339 2765 1399 2804 cunr
1417 2748 1498 2803 losada
1518 2748 1655 2804 Oatbedm

1004 2836 1138 2891 Kataonia
1155 2842 1238 2891 notus
1259 2835 1474 2904 Teutonibusque
1491 2835 1556 2889 suis.

971 2918 1103 2991 Praesuit
1121 2924 1247 2977 incautae
1264 2920 1337 2976 uina
1354 2921 1492 2991 prooiwte
1505 2920 1644 2987 inemtas,

1005 3003 1081 3063 Dum
1096 3010 1181 3078 pessit
1198 3008 1278 3063 roua
1295 3006 1407 3077 sceptra
1420 3003 1538 3061 nermda
1554 3006 1669 3062 adcolae

972 3093 1129 3150 Herbarum
1146 3094 1218 3149 aises
1236 3099 1396 3149 acutam
1413 3092 1491 3148 norit
1507 3084 1533 3147 et
1550 3094 1640 3163 aspris

1011 3177 1121 3238 Utiliter
1140 3181 1221 3237 ruia
1235 3182 1391 3251 pharnace
1409 3186 1472 3235 tuta
1489 3175 1572 3235 dedit.

971 3270 1025 3326 Ast
1040 3274 1096 3324 tan
1108 3268 1284 3338 procoma
1301 3267 1479 3322 nibilominus
1496 3272 1557 3322 arte
1578 3265 1712 3323 θαῖαιιηι

1006 3355 1141 3409 Monenti
1157 3356 1254 3424 spacio
1271 3354 1385 3408 uetula
1400 3354 1471 3408 bora
1488 3354 1583 3408 ursis

1053 3627 1056 3631 ‘
1182 3621 1299 3688 lenus
1328 3620 1545 3690 Carnarius,

588 3764 670 3832 leno
699 3760 868 3842 cernane,
901 3760 955 3843 qui
985 3774 1056 3825 eem
1081 3756 1283 3854 aldtudinem
1315 3757 1590 3842 excellentiamque
1620 3759 1782 3827 dmtrinee
1814 3764 1848 3826 et
1877 3759 2064 3843 cognitionis
2090 3759 2226 3828 libueds

491 3863 631 3931 extrusit
651 3863 771 3943 enirno,
791 3865 829 3928 ut
850 3860 877 3926 si
898 3877 979 3942 quse
998 3858 1080 3925 aliae
1097 3858 1131 3923 in
1153 3873 1191 3923 eo
1211 3858 1327 3924 luerint
1346 3857 1497 3924 bonorum
1517 3860 1724 3942 cnossianos,
1753 3878 1810 3926 see
1828 3860 1862 3925 in
1881 3858 1942 3927 boe
1962 3859 2111 3928 adertiso
2129 3860 2227 3927 virtu

492 3970 620 4045 tumque
655 3960 820 4044 splendore
853 3978 917 4026 non
950 3976 1059 4041 secus,
1094 3962 1191 4040 etque
1224 3958 1258 4024 in
1290 3958 1364 4025 salis
1394 3958 1506 4040 jubere
1538 3960 1664 4041 stellae,
1703 3959 1904 4042 delitescant,
1945 3959 2111 4043 cygnea,
2147 3975 2229 4043 quse

492 4061 695 4129 blisneusium
714 4059 789 4126 subs
806 4063 872 4140 est,
892 4059 997 4141 petria
1017 4057 1134 4140 fuiss),
1155 4058 1210 4124 ubi
1228 4057 1332 4123 secuda
1351 4058 1470 4124 decimo
1488 4060 1597 4140 quinta
1617 4059 1658 4125 eb
1680 4060 1820 4126 exhibito
1833 4059 1950 4126 biensis
1970 4060 2102 4143 primum
2121 4058 2229 4126 bausit

493 4169 608 4243 serem
628 4160 826 4243 puerumque
845 4158 1021 4224 studiorum
1043 4157 1117 4223 lecit
1138 4157 1320 4240 tyrodmm
1335 4162 1388 4223 set
1406 4157 1610 4241 negigenter,
1633 4177 1695 4241 quo
1714 4158 1757 4225 ed
1775 4159 1901 4242 eiemm,
1923 4159 2084 4226 edueetus.
2113 4159 2229 4226 Verum

494 4267 623 4344 epatre
643 4259 823 4325 adolescens
844 4256 1027 4339 admodum,
1049 4260 1082 4321 et
1103 4274 1232 4339 corpore
1252 4275 1315 4323 non
1336 4255 1416 4322 edeo
1436 4256 1545 4340 firmo,
1569 4258 1602 4323 in
1624 4263 1748 4324 exteras
1770 4259 1893 4326 scholas
1914 4260 2045 4342 missus,
2072 4259 2228 4325 stenaie

494 4378 547 4426 eas
568 4358 717 4426 combibit
738 4362 839 4438 artes,
866 4356 980 4438 quibus
1007 4354 1049 4421 ed
1076 4357 1215 4438 majora
1240 4358 1267 4422 si
1288 4355 1491 4437 adolevisset,
1522 4358 1643 4423 veniret
1662 4357 1811 4440 pendor.
1860 4357 1994 4442 Ideoque
2021 4360 2108 4442 quad
2134 4359 2228 4425 iones

495 4459 597 4526 solent
617 4457 748 4537 milites,
775 4456 816 4521 eb
837 4456 942 4522 infima
964 4455 1071 4521 ordine
1090 4455 1132 4520 ed
1153 4473 1305 4521 summum
1322 4472 1523 4539 progressus,
1555 4474 1661 4523 omnes
1689 4475 1766 4524 suae
1791 4459 1907 4525 estatis
1929 4459 2074 4526 doctrina
2094 4463 2127 4525 et
2145 4459 2228 4527 omni

493 4557 655 4625 iitemrum
674 4571 789 4637 genere
810 4554 981 4637 superavit.
1023 4554 1104 4619 Nem
1135 4553 1163 4620 si
1188 4554 1311 4636 linguas
1342 4558 1464 4637 spectes
1486 4554 1638 4622 Graecam
1666 4560 1760 4639 etam
1788 4555 1947 4643 Latinam,
1979 4559 2013 4624 in
2042 4558 2152 4625 iisdem
2182 4559 2229 4624 its

495 4656 654 4739 masidi,
689 4659 919 4736 utinamque
946 4651 1128 4720 adolescens
1155 4651 1266 4735 viginti
1301 4667 1402 4720 annos
1429 4659 1524 4721 uetus
1564 4673 1628 4721 nan
1656 4655 1781 4724 doceret
1814 4657 1905 4724 moda
1934 4657 2072 4741 publice,
2111 4657 2167 4724 sed
2195 4658 2230 4723 et

495 4775 578 4824 enno
590 4754 666 4821 XXI
681 4752 897 4835 Wittebergee
911 4749 1067 4836 Magister
1081 4752 1281 4819 mnunciatns
1297 4758 1332 4819 et
1345 4771 1418 4819 mor
1431 4772 1515 4821 anno
1529 4754 1674 4823 vicesimo
1691 4755 1784 4824 tertio
1798 4756 1992 4824 Licentimus
2006 4753 2229 4841 Medicinam),

496 4856 580 4939 apud
611 4854 786 4919 Germanos
817 4858 941 4919 nosnos
968 4870 1031 4919 non
1057 4851 1254 4919 medicantes
1281 4852 1451 4919 illustrarit
1489 4859 1523 4921 et
1548 4856 1709 4939 endunt,
1751 4856 1786 4923 id
1819 4857 1906 4940 quod
1935 4856 1987 4924 rel
2022 4856 2164 4941 inprimis
2190 4874 2230 4924 ex

497 4956 643 5040 operibus
671 4952 801 5019 Graecis
828 4953 861 5018 in
889 4951 1035 5018 Latinam
1058 4950 1198 5033 lingum
1227 4969 1347 5018 summo
1375 4952 1481 5019 studio
1509 4959 1606 5036 etam
1631 4954 1787 5022 industrie
1820 4957 1975 5023 marmus
2002 4961 2144 5041 apparet
2170 4955 2229 5023 ¹In

497 5053 669 5138 majoribus
689 5055 797 5118 eutem
816 5055 851 5138 et
868 5050 1062 5117 uberioribus
1084 5050 1205 5119 artibus
1224 5050 1272 5116 ite
1291 5057 1436 5118 versatm
1456 5058 1523 5135 est,
1551 5058 1589 5120 ut
1607 5055 1775 5122 earundem
1794 5055 2003 5138 cognitores
2031 5073 2094 5122 non
2121 5055 2229 5123 subtili

598 5258 625 5321 l)
644 5255 662 5310 i.
680 5270 704 5310 e.
722 5253 803 5310 Patri
819 5253 853 5308 de
871 5253 987 5309 Albana.

597 5342 627 5410 2]
644 5339 791 5397 immensi
808 5338 908 5395 ludaei
926 5336 1023 5395 librum
1041 5337 1075 5393 de
1091 5337 1290 5395 natamus.

596 5428 627 5497 3)
644 5425 720 5493 Quae
741 5426 864 5496 bromme
886 5431 1037 5495 sequuntur
1057 5424 1086 5480 in
1109 5425 1229 5494 nemine
1251 5424 1395 5495 inscripta,
1425 5424 1496 5481 sieut
1521 5425 1578 5483 elie
1600 5428 1630 5485 in
1649 5428 1813 5486 medicorum
1841 5430 1903 5485 ritis
1932 5428 2038 5502 addite,
2069 5443 2103 5486 ex
2126 5431 2229 5488 Adana

501 5513 624 5569 desumte
640 5526 714 5584 esse,
732 5511 874 5567 verborum
893 5515 1039 5567 concmtus
1057 5510 1144 5567 docet

597 5600 626 5667 4]
648 5597 749 5653 Ultima
766 5598 849 5654 verbe
866 5612 901 5653 ex
917 5598 1022 5654 Adana
1040 5610 1093 5654 nau
1111 5596 1181 5653 bene
1197 5596 1223 5652 h.
1242 5594 1260 5652 l.
1279 5596 1308 5652 ln
1325 5594 1447 5665 mustus
1463 5597 1626 5671 interposite
1643 5607 1712 5659 sunt
