5409 7267
1023 2078 1291 2207 nannenten
1321 2126 1662 2206 nnonnssonns.

1158 2344 1303 2411 Ericius
1328 2343 1520 2424 Cordus1).

577 2474 765 2542 Simesbnsio
792 2494 875 2558 pago
904 2476 936 2542 in
964 2476 1166 2545 Praefectura
1192 2478 1434 2561 Battenbergica
1468 2477 1509 2544 ad
1537 2476 1705 2543 Bestauam
1735 2472 1897 2553 fluentem,
1931 2470 2057 2539 dimidio
2082 2469 2211 2537 milliari

480 2575 664 2643 Germanico
685 2594 706 2641 a
726 2575 874 2642 Wetteris
893 2574 1065 2643 Bessorum
1097 2577 1266 2660 oriundus,
1298 2575 1480 2661 perentibus
1507 2576 1633 2660 quid-
1661 2574 1786 2642 infimae
1812 2570 1998 2639 conditionis
2024 2570 2211 2653 bominibus,

479 2675 620 2743 bonam
641 2682 757 2758 mmen,
777 2679 813 2741 et
829 2674 936 2742 libetis
955 2676 1022 2743 suis
1042 2684 1128 2743 recte
1147 2677 1320 2745 mutandis
1332 2695 1484 2761 perquam
1497 2676 1674 2754 sobcit'ns').
1717 2672 1926 2754 caeteroquin
1941 2670 2103 2738 excellenti
2114 2671 2212 2754 plane

480 2775 542 2842 luit
559 2776 678 2857 animo,
698 2776 816 2842 nnete
836 2793 874 2841 ac
893 2775 1051 2857 doctrina,
1071 2781 1183 2860 poeta,
1209 2777 1329 2860 siquis
1349 2777 1445 2858 alius,
1465 2776 1625 2859 egregius,
1645 2779 1683 2841 ut
1702 2778 1818 2839 natura
1836 2772 1907 2855 ipsa
1926 2770 2078 2853 valuisse,
2097 2771 2211 2837 menda

480 2874 598 2942 viribus
626 2876 794 2957 extimum,
827 2881 861 2941 et
882 2875 966 2959 qnod
993 2875 1117 2942 Platoni
1145 2876 1184 2943 de
1204 2877 1310 2943 Poetis
1337 2876 1457 2960 placuit
1481 2875 1619 2955 eximiis,
1650 2874 1755 2940 diuino
1778 2871 1916 2956 quodam
1939 2870 2056 2953 spiritu
2083 2868 2211 2937 afflatus

480 2974 577 3041 fnisse
596 2974 749 3041 videatur.
789 2974 855 3042 Neo
874 2974 1030 3041 eruditum
1051 2980 1173 3042 tantum
1193 2976 1276 3043 bunc
1297 2982 1366 3043 tum
1387 2976 1472 3057 alibi,
1493 2981 1561 3041 tum
1582 2972 1779 3056 Erpburd'me
1793 2971 1903 3053 attigit
1915 2970 2085 3055 puluerem,
2104 2989 2211 3039 uerum

481 3075 577 3140 etiam
609 3072 651 3140 ab
677 3074 909 3140 humanioribus
936 3073 1021 3140 hisee
1052 3079 1086 3140 et
1110 3075 1354 3156 elegantioribus
1380 3075 1483 3141 literis
1517 3074 1557 3140 ad
1587 3074 1685 3140 serias
1710 3071 1811 3154 magis
1840 3077 1873 3138 et
1904 3071 2097 3139 necessarias
2126 3078 2211 3139 artes

483 3172 623 3240 delinxit.
665 3172 851 3240 Medicinam
870 3173 952 3238 enim
971 3173 1135 3255 praecipue
1156 3174 1294 3256 seposuit
1314 3174 1390 3255 sibi,
1416 3175 1448 3240 in
1468 3191 1532 3255 qna
1551 3172 1727 3239 laudanda
1744 3172 1935 3266 elaboraret,
1962 3171 2037 3239 lieet
2056 3171 2089 3238 td
2108 3172 2211 3255 ἰρειιιιι

484 3272 704 3340 dissuaderem
721 3277 851 3356 propter
870 3271 1007 3356 inopiam
1030 3270 1086 3339 alii
1107 3277 1141 3339 et
1165 3282 1202 3339 nt
1220 3272 1322 3340 Sarnis
1351 3274 1530 3340 initiaretur
1546 3272 1694 3339 authores
1715 3276 1830 3339 essent.
1877 3271 2015 3355 ideoque
2033 3289 2129 3354 quum
2146 3290 2211 3339 non

484 3372 586 3441 minua
607 3372 723 3439 ardnm
753 3370 864 3439 barum
889 3371 990 3455 gloria
1015 3371 1194 3455 excelleret,
1226 3390 1320 3455 quam
1347 3373 1478 3455 uirtute,
1511 3373 1696 3454 sobrietate,
1727 3372 1860 3456 pietate,
1887 3389 2054 3454 rerumque
2073 3372 2211 3438 omnium

364 3506 367 3510 ·
484 3491 546 3539 nsu
570 3473 704 3554 grabam
724 3471 784 3538 sibi
804 3478 836 3538 et
854 3489 993 3537 amorem
1013 3472 1149 3539 omnium
1169 3472 1357 3556 peperisset,
1389 3473 1513 3556 Lipsiae
1532 3474 1667 3556 primum
1686 3473 1795 3555 poesin
1813 3490 1896 3539 anno
1912 3471 2107 3553 mnwi)
2127 3472 2212 3539 omni

485 3590 555 3639 mm
584 3573 741 3656 grauitmc
769 3577 803 3639 et
829 3572 1027 3656 iumnditate
1054 3572 1234 3656 explicavit,
1275 3572 1364 3638 initio
1397 3572 1480 3639 lacto
1508 3574 1565 3655 ιιι)
1590 3572 1760 3654 Bucolicis,
1801 3590 1882 3655 quae
1905 3590 2015 3638 recens
2041 3571 2211 3654 evulgaret.

485 3673 594 3755 Lipsia
611 3672 763 3742 decedens
784 3671 918 3739 contulit
936 3670 1167 3752 seErinrdiam,
1187 3688 1268 3754 quae
1282 3676 1348 3737 tum
1363 3672 1512 3753 temporis
1529 3670 1617 3737 cultu
1637 3671 1801 3737 literarum
1820 3676 1854 3738 et
1874 3671 2036 3737 doctorum
2055 3670 2213 3739 bominum

485 3771 663 3854 frequentia
682 3770 818 3837 florebat
836 3771 1051 3852 mediocriter,
1081 3771 1136 3837 nbi
1156 3788 1249 3853 quum
1270 3788 1305 3836 se
1324 3770 1366 3836 ad
1387 3769 1515 3851 Georgii
1535 3770 1710 3837 Sturuiadis
1729 3770 1842 3836 Medici
1861 3770 1992 3852 insignis
2010 3771 2215 3854 applicuisset

487 3871 732 3937 familiaritatem
757 3870 867 3951 etiarn,
897 3869 980 3952 qnod
1007 3888 1045 3934 ex
1066 3868 1188 3934 Erasmi
1207 3868 1418 3951 Epistularum
1438 3868 1491 3935 lib.
1511 3869 1540 3934 V
1562 3874 1702 3950 constat,
1728 3869 1794 3934 sive
1820 3868 1944 3951 publice
1971 3870 2037 3934 sive
2064 3871 2211 3952 privatim

489 3970 604 4037 docuit.
646 3968 842 4036 Sterciadem
863 3968 973 4034 deinde
1000 3968 1032 4033 in
1057 3967 1180 4034 Italiam
1200 3968 1241 4035 ad
1263 3986 1400 4035 summos
1427 3974 1459 4034 in
1487 3975 1556 4035 arte
1581 3968 1700 4034 medica
1729 3967 1862 4033 honores
1889 3970 2116 4050 consequendos
2140 3988 2212 4053 prc-

488 4070 605 4137 lectum
633 4069 798 4135 munitates
829 4073 893 4134 est:
925 4068 979 4134 nbi
1009 4068 1100 4134 ambo
1128 4067 1236 4135 eadem
1265 4067 1419 4151 dignitate
1444 4068 1549 4136 ornati
1576 4072 1652 4135 sunt
1682 4072 1716 4134 et
1740 4066 1861 4134 Cordus
1884 4067 2008 4150 quidem
2035 4086 2055 4133 a
2084 4068 2213 4135 Nioolao

489 4170 661 4236 Leonioeno
680 4167 872 4234 Medicorum
891 4168 958 4250 ejns
987 4168 1134 4250 temporis
1160 4168 1365 4251 antesignano
1385 4168 1558 4235 Ferrariae.
1603 4168 1652 4233 Ex
1676 4168 1770 4234 italia
1792 4166 1916 4234 domum
1937 4186 2082 4234 reversus
2103 4186 2214 4235 nouem

488 4267 586 4337 libros
608 4268 884 4353 Epiprommotom
910 4267 1067 4350 evulgavit
1077 4266 1110 4352 ι)
1144 4272 1177 4334 et
1205 4267 1407 4352 Marpnrgum
1435 4286 1517 4334 anno
1539 4267 1721 4335 MDXXVII
1745 4273 1891 4350 vocatus,
1925 4272 1962 4333 ut
1986 4267 2020 4333 in
2046 4267 2215 4334 Academia

490 4369 630 4448 doceret,
651 4367 731 4434 inter
743 4368 861 4451 primos
874 4366 1059 4434 Academiae
1072 4384 1214 4450 proceres
1231 4368 1328 4434 veluti
1348 4368 1550 4433 clanssimnm
1573 4367 1669 4450 sydus
1682 4365 1798 4433 effulsit
1811 4365 2214 4450 Reipubqucncudemioce

490 4466 704 4551 gubernacula
724 4484 806 4533 anno
826 4465 994 4548 ldDXXX,
1023 4485 1085 4548 quo
1105 4466 1270 4550 Marpnrgi
1289 4467 1329 4532 de
1348 4485 1383 4532 re
1406 4467 1646 4533 sacramentaria
1666 4465 1775 4533 habita
1797 4465 1856 4532 luit
1875 4466 2028 4549 synodus,
2055 4467 2214 4533 ιιιιιιιιίι.

593 4726 620 4794 1)
639 4723 677 4779 Cf.
697 4724 724 4781 0.
736 4723 859 4790 Krousa,
876 4724 1002 4779 Enricius
1020 4724 1129 4779 Cordus.
1164 4725 1232 4779 Eine
1252 4726 1335 4794 biogr.
1353 4725 1449 4780 Skiaae
1462 4741 1510 4779 aus
1526 4723 1574 4779 der
1586 4723 1844 4779 Retormationszeit.
1864 4724 2091 4793 biarbfflanau)
2104 4726 2214 4781 18618.

494 4809 553 4875 Quo
571 4809 641 4866 libro
660 4809 745 4867 nmto
763 4808 927 4867 leonantius
944 4825 1024 4880 quam
1041 4817 1122 4866 antea
1139 4808 1220 4865 Cordi
1239 4810 1295 4866 vita
1312 4810 1446 4867 illustrata
1463 4818 1512 4866 est.
1546 4810 1660 4865 Erimus
1676 4824 1728 4865 scr.
1747 4809 1801 4864 Dil.

593 4895 622 4962 2)
641 4893 762 4965 Quinque
780 4910 873 4951 versus
891 4895 962 4951 inter
977 4895 1030 4951 boo
1053 4900 1082 4951 et
1099 4896 1249 4966 proximum
1270 4896 1434 4953 martiatum
1457 4895 1609 4965 interpositi
1630 4895 1666 4954 ab
1688 4896 1748 4964 ipso
1772 4894 1892 4952 Dilichio
1914 4900 2042 4969 expuncti
2061 4906 2123 4955 sunt
2145 4900 2217 4956 inter

495 4979 675 5048 scribendum,
691 4995 774 5049 quum
792 4980 874 5051 paulo
890 4987 954 5050 port
972 4996 1030 5049 res,
1050 4995 1119 5051 quae
1138 4981 1178 5037 eis
1193 4980 1377 5046 continentum,-
1400 4982 1455 5038 ulio
1475 4982 1535 5038 loco
1554 4981 1809 5037 commemoraverit

593 5068 621 5132 3)
640 5065 745 5121 Annum
763 5067 789 5121 in
807 5066 926 5137 margine
943 5066 1087 5136 adscripsit
1104 5067 1164 5138 ipse
1182 5068 1247 5135 Dil.;
1267 5068 1381 5124 eundem
1399 5068 1483 5123 ceteri
1500 5069 1547 5135 qni
1566 5065 1648 5122 Cordi
1665 5066 1747 5121 vitam
1764 5065 1934 5121 tradiderunt
1954 5067 2082 5125 exhibent
2098 5079 2216 5142 excepto

493 5150 610 5208 Κιιιιιίο
628 5168 655 5221 p.
674 5154 720 5221 36,
740 5154 785 5222 qui
800 5154 884 5208 suba
912 5157 977 5208 1514
995 5152 1115 5223 Lipsiam
1132 5168 1193 5210 eum
1216 5169 1246 5209 sc
1271 5154 1417 5211 contulisse
1443 5153 1506 5210 inde
1527 5153 1642 5209 maximo
1668 5152 1818 5223 concludit,
1844 5153 1917 5221 qnod
1933 5152 2063 5212 Bucolica
2079 5156 2128 5213 illo
2146 5173 2216 5213 anno

495 5236 570 5293 edita
587 5244 671 5308 erunt,
691 5246 718 5293 et
737 5238 808 5309 quod
823 5239 991 5296 Camerarius
1008 5238 1091 5309 paulo
1109 5246 1171 5309 post
1188 5240 1294 5298 liobani
1311 5241 1437 5311 eLipsia
1450 5240 1598 5297 discessum
1611 5242 1704 5307 11513)
1724 5237 1841 5295 Cordum
1858 5238 1979 5309 Lipsiam
1994 5242 2102 5299 renime
2119 5250 2216 5300 namet

593 5326 622 5392 4)
641 5325 730 5380 Locus
747 5325 878 5394 imaginis.

594 5412 622 5480 5)
639 5410 729 5466 Minus
747 5417 873 5467 accurate
897 5411 948 5466 boc
970 5411 1054 5467 refert
1077 5411 1130 5466 bil.
1173 5411 1241 5467 Nam
1263 5410 1316 5467 duo
1341 5411 1570 5480 Epigrammatum
1593 5411 1657 5467 libri
1678 5408 1745 5465 editi
1768 5418 1845 5467 erunt
1868 5427 1892 5467 a.
1912 5414 1991 5482 1517,
2022 5419 2080 5469 ms
2096 5427 2122 5468 a
2140 5414 2217 5477 1520,

495 5512 591 5553 nouem
609 5496 670 5551 libri
688 5497 802 5566 primurn
821 5496 887 5552 editi
905 5503 966 5552 sunt
981 5497 1122 5568 Marpnrgi
1139 5514 1164 5554 a.
1185 5501 1264 5566 15293
1283 5498 1335 5552 iter
1352 5496 1476 5553 Italicum
1495 5505 1585 5554 antem
1603 5497 1631 5553 in
1654 5512 1678 5552 a.
1702 5498 1765 5550 1521
1785 5497 1886 5554 incidit.
1928 5498 1970 5553 Ab
1993 5513 2018 5553 a
2037 5500 2104 5553 tuae
2131 5514 2217 5567 usque

496 5584 531 5640 ad
549 5600 573 5638 a
593 5584 659 5638 1527
678 5583 840 5649 Brunsrigae
857 5581 974 5650 degerat.
