5409 7267
481 950 528 1024 48

481 1138 591 1221 rediit,
615 1137 670 1204 uhi
697 1154 760 1202 nou
781 1134 872 1201 multi
900 1133 1045 1201 abierunt
1073 1133 1156 1214 dies,
1181 1131 1259 1215 quin
1278 1131 1435 1199 Witoduri
1456 1133 1599 1215 Tigurini
1618 1133 1770 1216 primates
1791 1132 1821 1198 ei
1846 1132 1884 1199 de
1907 1132 2008 1199 officio
2029 1134 2232 1200 instaurandi

480 1237 638 1322 gymnasii
657 1236 708 1302 sui
725 1235 953 1317 prospicerent,
975 1234 1070 1299 etiam
1089 1229 1246 1315 stipendio
1266 1231 1393 1298 decreto
1415 1232 1552 1298 uberiori
1573 1237 1606 1298 et
1622 1232 1746 1316 adjecto
1766 1232 1995 1299 subdiaconatu
2015 1233 2048 1299 in
2069 1233 2230 1300 suburbio.

479 1337 603 1405 Accidit
628 1354 686 1418 per
713 1334 747 1400 id
775 1339 899 1417 tempus
926 1338 964 1398 ut
987 1331 1136 1398 Claudius
1164 1331 1309 1397 Albanius
1336 1331 1505 1397 Lusannae
1531 1332 1677 1398 turbaret
1703 1330 1860 1398 Ecclesiae
1880 1331 2109 1414 Heterodoxia,
2140 1332 2231 1416 cnjus

481 1436 638 1503 omhones
660 1433 864 1516 apodictas¹)
894 1450 964 1497 cum
984 1430 1156 1497 refutasset
1176 1431 1324 1515 Ephiaas,
1346 1448 1385 1496 eo
1409 1429 1522 1509 effecit,
1550 1438 1588 1497 at
1607 1430 1762 1497 Vitoduro
1785 1430 1936 1512 Tigurum
1957 1437 2156 1498 evocaretur:
2175 1432 2231 1499 ubi

482 1536 619 1617 primum
640 1533 699 1599 XV
727 1531 898 1598 Juveuibus
926 1531 988 1597 illis
1017 1530 1141 1597 selectis
1168 1528 1317 1612 praefuit,
1350 1528 1423 1595 inde
1457 1548 1477 1594 a
1506 1531 1624 1595 Senatu
1655 1530 1856 1596 confirmatus
1885 1529 2071 1597 Monasterii
2097 1530 2230 1615 Maioris

480 1632 670 1701 Diaconatui
690 1630 841 1714 ahJuncta
860 1631 934 1697 novi
954 1630 1149 1696 Testamenti
1169 1628 1369 1712 professione,
1391 1634 1502 1711 postea
1524 1647 1598 1695 yero
1620 1630 1824 1711 canonicatui,
1851 1630 1904 1696 ubi
1923 1648 1962 1696 ex
1983 1629 2120 1696 Senatus
2138 1630 2230 1713 jussu

482 1734 617 1799 Centum
639 1730 893 1798 Ecclesiasticum
918 1729 1093 1795 introduxit
1120 1729 1238 1812 primus
1263 1727 1295 1791 in
1315 1727 1497 1793 Ecclesiam.
1546 1728 1685 1811 Cumque
1706 1729 1773 1811 Jam
1792 1746 1908 1794 anuum
1928 1727 2080 1795 dmhuum
2100 1747 2139 1795 ec
2158 1747 2230 1812 per-

479 1833 666 1913 fungeretur
685 1847 832 1910 manere,
860 1828 965 1894 nescio
995 1846 1057 1910 qua
1084 1828 1266 1894 infelicitate
1290 1844 1348 1892 sua
1374 1833 1506 1911 propter
1526 1835 1626 1894 artem
1645 1827 1824 1910 Chymieam
1850 1828 1987 1912 acceptis
2008 1828 2149 1911 epatris
2170 1847 2230 1894 sua

481 1930 677 2011 dimissoriis,
700 1946 781 1994 anno
803 1927 940 1994 MDOVI
961 1927 1134 1993 Hessorum
1150 1927 1287 2008 Principi
1299 1926 1453 1991 Mauritio
1476 1945 1565 1991 suam
1583 1927 1615 1991 in
1631 1926 1798 1992 Academia
1821 1932 1930 1993 nostra
1950 1927 2065 1994 obtulit
2084 1945 2229 2010 operam3

481 2047 562 2113 quae
583 2047 654 2095 cum
675 2045 740 2093 non
759 2026 986 2109 displicuisset,
1012 2031 1140 2108 postera
1161 2026 1367 2092 Pentecostes
1394 2026 1426 2090 ia
1448 2044 1521 2092 arce
1545 2024 1725 2091 cassellana
1751 2026 1930 2092 concionem
1950 2025 2071 2092 habuit.
2112 2026 2230 2093 Paucis

481 2129 554 2196 inde
575 2127 685 2193 diebus
707 2131 835 2207 accepto
865 2126 982 2192 uiatico
1003 2125 1210 2207 hlarpurgum
1229 2124 1398 2207 ablegatos
1416 2130 1482 2207 est,
1512 2131 1548 2190 ut
1576 2127 1608 2190 in
1636 2129 1784 2207 quamam
1811 2124 2020 2206 professorem
2041 2124 2230 2207 Theologiae

480 2228 694 2307 ascisceretur,
717 2225 799 2307 quod
820 2229 854 2291 et
874 2224 993 2291 facturn
1013 2243 1097 2290 anno
1116 2224 1266 2306 proximo,
1285 2243 1353 2290 cum
1369 2242 1389 2289 a
1403 2222 1599 2291 Schonfeldio
1612 2223 1742 2289 Seniore
1752 2223 1828 2289 XlX
1842 2223 1952 2290 Martii
1966 2224 2022 2291 SS.
2039 2223 2229 2307 Theologiae

480 2330 600 2394 Doctor
620 2325 775 2408 Principis
802 2323 1008 2390 beneficentia
1034 2329 1068 2390 et
1098 2322 1290 2388 liberalitate
1319 2323 1522 2389 renunciatus
1549 2328 1643 2389 esset.
1693 2322 1764 2403 Qua
1791 2323 1824 2388 in
1850 2321 2043 2405 professione
2068 2323 2228 2389 ordinaria

482 2426 663 2493 deserviens
685 2424 743 2490 sub
764 2424 839 2489 anni
860 2424 935 2489 XIV
955 2421 1049 2488 finem
1069 2422 1165 2488 etiam
1185 2422 1227 2488 ad
1245 2424 1449 2504 pastoricium
1468 2423 1500 2487 in
1521 2440 1593 2489 arce
1613 2439 1727 2488 munus
1746 2427 1874 2488 erectus
1893 2428 1951 2488 est.
1992 2423 2084 2487 Anno
2103 2421 2229 2487 demum

480 2524 662 2591 MDCXXII
687 2523 866 2606 dysenteria
893 2528 1056 2605 correptus
1073 2523 1133 2587 XX
1160 2521 1296 2604 Augusti
1315 2522 1455 2589 reddidit
1481 2527 1614 2587 mortem
1635 2526 1769 2587 naturae
1791 2519 1939 2586 debitam.
1982 2520 2108 2602 Scripta
2128 2519 2229 2586 edidit

481 2624 603 2707 aliquot
624 2624 808 2707 Eacpetica,
829 2623 1032 2707 flegmatica,
1053 2622 1256 2703 Propheticc,
1280 2622 1440 2706 Ghymhr,
1467 2639 1505 2686 ac
1525 2619 1564 2685 de
1584 2637 1644 2685 sua
1663 2621 1799 2702 imagine
1819 2618 1878 2686 hoa
1898 2623 2123 2702 tetragramum
2134 2619 2165 2701 ¹)

965 2722 1057 2777 Iconii
1069 2721 1162 2789 facies
1177 2722 1244 2777 baec
1261 2727 1302 2777 eat
1319 2719 1475 2791 Rapbaelie
1491 2719 1590 2789 Eplini

1000 2808 1153 2863 Praceoais
1170 2809 1248 2876 repar·
1260 2806 1441 2875 justitiaeque
1458 2805 1528 2872 Dci;

966 2895 1014 2948 Ale
1035 2894 1166 2964 Yipurara
1177 2894 1300 2963 peperit:
1317 2893 1451 2948 Doctoria
1468 2891 1618 2946 hobenburc
1636 2892 1718 2945 aierit

1001 2981 1204 3051 alcrprarpam
1222 2981 1359 3048 Princeps
1374 2978 1582 3047 Afaaritiaspac
1597 2978 1685 3046 sorel.

1153 3242 1338 3325 Georgius
1371 3243 1557 3325 Crueiger.

606 3407 795 3491 Magnorum
819 3406 1046 3489 Theologorum
1074 3406 1370 3489 Crucigerorumll,
1399 3408 1450 3473 aui
1477 3408 1552 3490 (quo
1580 3408 1613 3472 in
1639 3406 1859 3474 reformatione
1884 3404 2042 3473 Ecclesiae
2070 3403 2229 3472 Luthcrus

485 3511 559 3576 olim
590 3517 623 3577 et
653 3507 816 3590 Philippus
850 3510 1016 3589 parastata
1042 3505 1226 3588 gaudebant
1253 3525 1291 3571 ac
1317 3509 1505 3589 symmysta)
1538 3513 1572 3572 et
1597 3508 1699 3588 patris
1733 3506 1925 3573 orthodoxae
1953 3505 2025 3571 fidei
2052 3506 2229 3573 assessoris

482 3607 739 3688 constantissimi,
759 3622 855 3687 nepos
876 3610 909 3670 ct
928 3603 1010 3671 filius
1030 3605 1171 3670 nacsitur
1184 3604 1363 3687 Mersburgi
1384 3606 1488 3671 XXlV
1503 3605 1661 3688 Septemb.
1685 3624 1768 3671 anno
1782 3605 1971 3685 MDLXXV,
1993 3622 2089 3687 quum
2103 3604 2229 3686 Gaspar

478 3709 585 3790 juuior
605 3712 698 3789 pater
719 3705 775 3772 SS.
798 3702 854 3766 Th.
875 3703 1008 3784 Doctor,
1029 3704 1083 3784 qui
1100 3704 1316 3783 Wittehergae
1338 3704 1455 3769 multos
1476 3723 1577 3770 anuos
1599 3706 1714 3771 Sacras
1735 3705 1844 3770 literas
1865 3723 1935 3771 cum
1954 3703 2049 3770 laude
2070 3704 2229 3785 docuerat,

482 3810 613 3886 propter
633 3805 869 3883 tempestatem,
900 3818 979 3882 quae
1001 3805 1069 3865 tum
1088 3802 1236 3882 temporis
1259 3801 1292 3866 iu
1312 3801 1404 3866 istius
1423 3802 1484 3867 leci
1506 3802 1678 3883 Theologos
1704 3803 1891 3869 incubuerat
1916 3804 2097 3885 praecipue,
2127 3803 2229 3868 solum

483 3922 554 3968 cum
573 3901 700 3982 collegis
721 3903 844 3964 vertere
866 3903 1038 3980 cogeretur.
1082 3899 1169 3965 Sicut
1188 3901 1217 3966 is
1238 3904 1344 3965 ιιιιιιι
1365 3919 1385 3964 a
1404 3919 1501 3982 puero
1523 3902 1633 3967 statim
1653 3902 1829 3983 linguarum
1849 3902 2027 3985 artiumque
2046 3900 2226 3967 liberalium

483 4002 608 4067 cultura
629 4015 825 4080 summopere
845 3995 907 4062 fuit
928 3996 1118 4080 delectatum
1146 3998 1193 4065 ita
1220 4017 1292 4065 cum
1322 4000 1439 4066 eisdem
1468 4001 1561 4066 simul
1584 4003 1712 4085 pietatis
1740 4002 1962 4085 cognitionem,
1990 4001 2105 4084 partim
2125 4001 2229 4082 patris

482 4117 575 4180 cura,
606 4098 724 4179 partim
757 4114 853 4178 opera
885 4101 1138 4179 praeceptorum,
1167 4098 1343 4180 comprimis
1372 4118 1447 4165 uero
1474 4100 1618 4166 Doctoris
1651 4100 1783 4167 loannis
1807 4100 1965 4183 Bilsteuii,
1995 4101 2051 4183 qui
2076 4100 2230 4183 singulari

483 4198 674 4264 dexteritate
691 4196 891 4277 juventutem
911 4195 1092 4277 aliquandiu
1118 4196 1181 4261 illic
1207 4197 1385 4278 erudiebat,
1413 4199 1516 4263 animo
1535 4199 1733 4281 cupidissimo
1754 4199 1883 4266 imbibit.
1927 4200 2016 4279 Quae
2038 4200 2229 4282 linguarum,

483 4295 700 4377 Philosophiae
727 4298 760 4360 et
780 4293 970 4375 Theologiac
998 4294 1102 4360 studia
1129 4313 1224 4378 porro
1250 4296 1333 4379 apud
1361 4302 1498 4378 exteros,
1525 4298 1626 4379 primo
1654 4298 1781 4380 quidem
1809 4299 1843 4365 in
1865 4299 2035 4365 Nassovico
2057 4298 2229 4381 Gymnasio

482 4394 646 4478 Sigcncnsi
665 4392 725 4459 sub
743 4393 834 4457 ioan.
857 4393 1028 4459 Piscatoris
1047 4394 1259 4477 institutione,
1286 4396 1372 4460 ultra
1392 4394 1562 4477 biennium3
1589 4396 1754 4478 postmodo
1776 4414 1863 4479 vero,
1892 4399 2092 4480 perlustratis
2123 4404 2230 4465 tamen

483 4501 557 4560 autc
579 4511 630 4557 an.
653 4491 835 4557 MDXCVII
857 4491 1013 4574 Lipsiensi
1034 4497 1066 4558 et
1086 4493 1338 4576 Wittcbergcnsi,
1361 4493 1415 4559 ubi
1434 4512 1492 4575 per
1511 4513 1628 4559 aunum
1649 4495 1793 4561 substitit
1813 4496 1878 4562 fere
1901 4497 2069 4579 integrum,
2096 4497 2229 4564 Univer-

483 4592 646 4673 sitatibus,
683 4591 717 4657 in
747 4589 1006 4674 Heidelbergensi
1036 4590 1206 4658 Academia
1235 4599 1304 4659 toto
1343 4593 1479 4658 triennio
1517 4594 1665 4659 contiuuo
1698 4593 1794 4659 coluit
1827 4595 1953 4661 uberius
1981 4596 2229 4678 Kechermanue,

483 4691 634 4771 fossano,
655 4687 832 4771 Calamina,
857 4690 995 4755 Reutcro
1023 4696 1056 4755 et
1077 4691 1179 4757 Pareo
1205 4710 1281 4757 usus
1308 4692 1574 4774 praeceptoribus.
1616 4692 1754 4771 Quorum
1780 4694 2052 4760 commendatione
2080 4712 2119 4760 ac
2139 4696 2229 4761 tasti-

482 4789 586 4856 monio
607 4788 734 4870 egregie
753 4788 937 4853 honestatus
947 4788 978 4871 ⁴)
1005 4789 1177 4855 An.th
1206 4790 1290 4856 redit
1317 4789 1489 4873 cassellas,
1516 4792 1571 4858 abi
1600 4791 1686 4858 edito
1711 4793 1800 4874 prius
1827 4794 1994 4878 specimine
2022 4812 2061 4859 ex
2088 4794 2229 4860 Mauritii

484 4886 638 4969 Principis
662 4887 754 4967 iussu
783 4885 908 4953 scholae
934 4887 1115 4969 praeficitur
1126 4890 1156 4971 ³)
1178 4889 1307 4971 aulicae,
1326 4889 1358 4954 iu
1380 4906 1443 4969 qua
1464 4890 1657 4956 selectiorem
1674 4891 1850 4974 Juventutis
1866 4891 1975 4959 florem
1988 4893 2022 4959 in
2043 4892 2229 4959 humaniore

483 4987 649 5052 literatura
677 4989 710 5050 et
736 5003 810 5050 vera
837 4985 1021 5052 informaret
1047 4987 1177 5068 pietate.
1230 4988 1293 5053 Sed
1313 4994 1480 5069 perspecta
1509 4988 1593 5055 illius
1621 4990 1654 5055 in
1678 4989 1953 5058 administratione
1973 4993 2122 5074 muneris,
2142 4992 2228 5073 quod

483 5092 551 5151 toto
573 5083 783 5167 quinquennio
805 5090 958 5167 gesserat,
980 5084 1043 5150 fide
1060 5090 1093 5151 et
1107 5087 1246 5170 solertia,
1263 5086 1329 5169 iam
1341 5087 1476 5170 amplius
1491 5088 1656 5154 uoluntate
1670 5090 1831 5173 Principis,
1849 5091 2028 5173 judicioque
2039 5090 2228 5158 Academiae

588 5267 617 5335 1)
635 5265 681 5321 Sic
699 5264 762 5334 hil,
781 5263 833 5318 Til.
852 5281 920 5321 corr.
937 5266 1117 5336 apodicticae.

584 5351 614 5420 2)
632 5349 698 5405 Cod.
718 5354 904 5419 tetragamma.

585 5438 615 5502 a)
632 5435 675 5489 De
695 5434 901 5502 crucigerorun
919 5435 1023 5491 familia
1039 5435 1207 5492 Striederum
1225 5445 1351 5494 accurate
1368 5446 1490 5508 agentem
1508 5458 1718 5498 commemorare
1738 5443 1862 5498 sufficiet.

581 5520 615 5674 33
633 5518 690 5659 gil(l
707 5518 846 5674 enuntssato
864 5519 978 5576 relativo
995 5537 1140 5591 perperam
1160 5539 1221 5579 curu
1239 5525 1462 5582 antecedentibus
1482 5530 1624 5596 conjuncto
1647 5530 1673 5585 h.
1691 5529 1708 5585 t
1730 5529 1878 5597 distinguit.

655 5620 671 5660 o
691 5620 785 5674 .prae
805 5610 856 5660 tar.
