5409 7267
1099 1140 1334 1208 Hermannus
1363 1138 1597 1207 Kirchneras

577 1265 936 1378 Hersleldiaoriundus,
968 1314 1062 1380 quum
1088 1296 1323 1363 humanioribus
1353 1295 1386 1363 in
1409 1298 1531 1363 artibus
1551 1301 1585 1362 et
1607 1295 1771 1362 literarum
1791 1295 1947 1362 uarietate
1968 1298 2114 1362 versatus
2135 1299 2216 1360 esset

479 1400 611 1467 maxim
631 1403 666 1463 et
684 1415 793 1462 uersus
821 1396 1018 1462 hexametros
1047 1395 1189 1477 aliosque
1216 1398 1312 1463 vanis
1341 1397 1442 1461 modis
1474 1401 1570 1477 atque
1596 1395 1732 1461 numeris
1761 1392 1906 1461 funderet
1935 1412 1975 1461 ex
2002 1402 2160 1477 tempore,
2186 1394 2216 1460 id

479 1499 607 1580 meruit,
627 1498 716 1562 utin
737 1496 871 1561 comitiis
890 1494 1167 1576 Ratispoaeasibus
1187 1512 1269 1562 anno
1289 1495 1453 1561 MDXCIV
1473 1495 1513 1560 ab
1534 1495 1725 1577 Imperatore
1742 1494 1972 1575 Angustissimo
1992 1494 2031 1560 D.
2052 1493 2215 1576 liudolpho

479 1600 547 1683 ejus
574 1597 708 1663 nominis
734 1595 767 1661 11
795 1594 904 1660 laurea
931 1594 1112 1660 donaretur.
1159 1596 1265 1677 Atque
1291 1594 1364 1660 hinc
1391 1596 1433 1660 ad
1461 1595 1576 1660 Podsin
1608 1594 1824 1676 explicandam
1851 1599 2002 1661 euocatus
2028 1592 2091 1660 ΠΧ
2111 1593 2217 1659 Martii

480 1704 569 1765 astra
590 1696 732 1761 ordinem
753 1694 863 1759 doecre
881 1692 1023 1775 iubetur.
1063 1694 1108 1758 ht
1124 1711 1199 1760 vero
1220 1701 1330 1776 postea
1351 1712 1433 1760 anno
1454 1692 1556 1759 DCIlI
1571 1693 1726 1775 Principis
1746 1692 1844 1775 ipsius
1865 1692 2060 1760 authoritate
2081 1699 2116 1758 et
2131 1694 2219 1773 jussu

480 1800 563 1864 inter
583 1795 759 1861 ordinarios
784 1794 850 1875 ejus
878 1792 938 1859 loci
958 1792 1154 1859 Professores
1184 1794 1392 1875 constitutus,
1423 1811 1493 1859 eum
1514 1793 1608 1858 Poesi
1638 1792 1799 1876 conjunxit
1826 1791 1977 1859 historias
2007 1810 2125 1875 easque
2154 1794 2220 1874 pari

479 1915 576 1980 opera
596 1894 731 1960 tradidit
751 1892 873 1975 publice
893 1892 1022 1973 syndici
1042 1892 1136 1956 etiam
1158 1893 1345 1958 Academiae
1366 1893 1510 1974 partibus
1531 1892 1692 1974 susceptis.
1740 1892 1900 1958 Deeanum
1921 1893 1988 1973 emt
2007 1909 2091 1957 anno
2111 1892 2219 1971 DOVI,

480 2014 542 2078 quo
567 1996 742 2061 orationem
768 1992 880 2057 habuit
910 1993 949 2058 de
974 1995 1082 2058 ruinis
1109 2000 1139 2059 et
1161 1993 1448 2074 lisputationibus
1462 1993 1492 2073 ¹)
1518 1992 1784 2072 Academiarum,
1813 1990 1863 2056 vir
1883 1999 1968 2057 certe
1994 1992 2080 2057 omni
2100 1991 2220 2057 liberali

481 2096 623 2161 doctrina
644 2111 796 2175 perquam
816 2091 957 2157 excultus
979 2096 1074 2173 atque
1095 2092 1259 2174 expolitus,
1289 2092 1399 2172 Poeta,
1421 2091 1536 2158 Orator
1555 2097 1589 2157 et
1607 2092 1786 2158 Historicus
1804 2109 1868 2156 non
1888 2109 1968 2157 unus
1988 2109 2007 2157 e
2026 2092 2146 2163 multis.
2167 2091 2221 2157 aed

377 2194 381 2200 ’
480 2196 583 2278 potius
604 2194 687 2259 inter
707 2192 822 2257 multos
843 2209 940 2273 prope
962 2190 1145 2273 singularis,
1176 2192 1231 2273 qui
1251 2210 1312 2257 non
1339 2192 1438 2257 solum
1467 2192 1507 2257 de
1535 2192 1644 2273 quovis
1672 2197 1857 2272 argumento
1886 2192 1990 2257 solute
2023 2195 2058 2256 et
2082 2192 2221 2256 suaviter

479 2295 583 2360 dicere
604 2294 823 2371 consueverat,
853 2291 1080 2355 verumetiam
1108 2290 1140 2355 id
1168 2290 1252 2372 quod
1283 2290 1386 2356 dicare
1407 2292 1629 2372 constituerat,
1658 2307 1751 2373 uoce,
1784 2291 1875 2356 vultu
1894 2297 2044 2373 motuque
2065 2290 2221 2358 efficiebat

480 2392 709 2478 quodammodo
731 2390 894 2457 conditius.
935 2391 1053 2455 Fuerat
1079 2396 1244 2471 praeterea
1270 2391 1339 2455 viro
1367 2409 1483 2472 magua
1512 2392 1609 2457 civilis
1636 2391 1809 2472 sapientiae
1835 2388 1912 2474 et²)
1939 2389 2027 2457 Juris
2049 2390 2222 2473 Utriusque

481 2494 627 2575 cognitio,
648 2498 683 2558 ut
694 2496 860 2573 propterea
874 2494 908 2555 et
919 2489 1174 2571 jurisperitorum
1187 2490 1347 2556 videretur
1362 2490 1632 2572 eloquentissimum
1645 2495 1678 2555 et
1690 2490 1900 2573 eloquentium
1910 2491 1992 2573 jnris
2005 2491 2223 2573 peritissimus.

482 2592 646 2661 Sedenim
666 2590 782 2656 uthoo
810 2592 942 2654 naturae
968 2607 1084 2654 munus
1112 2590 1258 2671 quicquid
1287 2590 1383 2656 datur
1409 2591 1514 2671 nobis,
1544 2590 1698 2657 incertum
1725 2595 1775 2655 est
1801 2595 1834 2656 et
1855 2589 1984 2673 fragile,
2015 2591 2099 2657 adde
2127 2592 2223 2657 etiarn

481 2693 652 2773 malignum
672 2697 705 2756 et
724 2691 819 2755 breve
839 2688 872 2753 in
891 2688 946 2771 iis,
977 2688 1090 2770 quibus
1110 2689 1159 2755 vel
1181 2690 1353 2772 largissime
1379 2691 1528 2771 contigit,
1557 2690 1605 2754 ita
1632 2695 1665 2755 et
1684 2689 1757 2754 huic
1785 2689 1900 2755 accidit
1920 2688 2053 2774 homini,
2084 2695 2120 2757 ut
2140 2709 2222 2757 anno

480 2791 646 2858 MDCXIV
666 2788 872 2856 melancholia
892 2787 1062 2854 conflictari
1081 2790 1246 2872 inciperet,
1270 2795 1302 2854 et
1323 2807 1393 2855 sese
1413 2790 1485 2855 hinc
1505 2789 1679 2856 clanculum
1699 2788 1741 2854 ad
1761 2788 1888 2855 viduam
1901 2788 2079 2872 Principem
2098 2790 2224 2856 Henne-

481 2893 666 2973 bergensem
685 2891 876 2972 proriperet,
903 2906 985 2970 quae
1011 2888 1141 2953 eundem
1169 2890 1218 2954 sui
1244 2889 1388 2971 deinceps
1415 2891 1518 2955 minus
1551 2896 1735 2971 compotem,
1766 2893 1857 2954 utet
1878 2889 2044 2955 Academia
2062 2892 2223 2973 usquead

483 3011 598 3057 annum
619 2990 752 3070 DOXX,
775 3007 835 3069 quo
855 2989 888 3052 iu
907 2987 984 3052 vivis
1006 3005 1074 3052 esse
1095 2988 1198 3069 desiit,
1218 2989 1304 3054 vovit
1324 2989 1448 3053 omnino
1467 2988 1692 3054 liberalissime.
1733 2988 1890 3070 Egregiae
1907 2991 2090 3056 eruditionis
2110 2991 2223 3057 eximia

483 3098 682 3157 monumenta
710 3090 788 3153 haee
813 3087 954 3168 reliquit:
991 3087 1161 3169 Lepotum,
1198 3087 1473 3168 Jureoonsultum,
1504 3088 1649 3172 Spstearo
1677 3089 1932 3170 dispartotioaum
1951 3090 2165 3171 politicum
2191 3098 2223 3157 et

390 3177 397 3194 ¹
485 3195 645 3259 orationes
666 3190 801 3270 aliquam
820 3186 935 3252 multas
946 3184 1009 3341 ’ἓν
1029 3185 1175 3338 thgli‘nus:
1212 3285 1274 3341 W
1329 3287 1334 3298 Ι
1437 3286 1442 3297 .
1563 3286 1568 3297 ι

1003 3300 1084 3440 ini?
1093 3285 1706 3441 difflarfflfifflhjfflm

965 3454 1101 3527 Spndieas
1117 3458 1168 3512 hoc
1184 3458 1263 3512 vulta
1275 3459 1344 3528 soit
1380 3458 1457 3512 Huic
1474 3464 1500 3512 et
1516 3458 1676 3528 Jureperr'to

999 3541 1138 3612 Imposuit
1155 3544 1264 3598 laurum
1284 3544 1412 3600 Caesaris
1430 3544 1495 3615 ipae
1512 3560 1618 3599 manua.

1128 3877 1344 3960 Rodolphus
1373 3878 1576 3946 Goelenius

1304 3984 1402 4040 Junior

583 4128 700 4210 Optimi
721 4132 754 4192 et
775 4126 947 4194 doctissimi
968 4127 1070 4209 patris
1090 4127 1246 4209 Rodolphi
1269 4127 1409 4195 Goelenii
1429 4127 1567 4194 Senioris
1589 4126 1718 4213 γνήσιος
1742 4127 1826 4195 filius
1847 4130 1989 4197 nascitur
2008 4130 2224 4216 Wittebergae

486 4246 567 4294 anno
588 4227 778 4293 MDLXXII.
822 4226 882 4293 Sed
904 4246 997 4308 quum
1019 4228 1082 4293 acri
1105 4228 1183 4293 satis
1205 4234 1290 4295 esset
1311 4229 1451 4311 ingenio,
1475 4229 1619 4294 doctrina
1639 4228 1813 4294 hberaliter
1833 4230 1867 4295 in
1888 4230 2023 4297 Hassiae
2044 4231 2223 4315 Gymnasiis

486 4328 652 4393 inst'tutus
680 4334 713 4392 et
744 4328 776 4391 in
804 4327 919 4393 entems
940 4328 1036 4392 etiam
1055 4327 1232 4393 academiis
1252 4328 1417 4394 Halniensi
1438 4328 1559 4394 Daniae
1578 4334 1612 4394 et
1630 4327 1783 4393 Patavina
1811 4329 1924 4397 Italiae
1950 4349 2055 4397 rerum
2085 4334 2221 4401 imbutus

485 4446 546 4493 usu
572 4428 702 4493 honoris
734 4427 767 4490 in
793 4431 864 4492 arte
889 4426 1012 4491 Medica
1042 4427 1155 4491 summi
1184 4428 1387 4510 consequitur
1413 4428 1547 4510 insignia
1574 4427 1651 4493 XIX
1669 4427 1746 4511 Maji
1774 4446 1856 4496 anno
1882 4429 1988 4496 uinci
2018 4450 2115 4514 opera
2135 4434 2223 4502 Pauli

486 4527 612 4593 Gellarii
634 4532 785 4608 tanquam
805 4526 985 4591 Brabeutae
1005 4526 1190 4607 interposita
1201 4529 1231 4609 ⁵)
1262 4533 1295 4593 et
1323 4526 1471 4608 Physioes
1502 4532 1647 4608 suscepta
1675 4544 1750 4593 cura
1774 4528 1807 4593 in
1828 4528 2044 4597 Prolessomm
2072 4534 2223 4617 recipitm

486 4628 625 4693 ordinem
646 4646 728 4692 anno
742 4626 869 4692 DCIIX.
912 4627 955 4691 At
974 4626 1055 4691 enim
1076 4624 1280 4709 quadriennio
1291 4626 1323 4710 ο)
1345 4633 1428 4710 post,
1447 4646 1543 4710 quum
1557 4625 1766 4693 Hoffmannus
1779 4626 1892 4694 lenam
1910 4628 2096 4717 diseederet,
2118 4652 2223 4701 curam

486 4729 519 4791 in
540 4727 781 4792 Mathematioas
802 4725 982 4807 disciplinas
1003 4724 1172 4810 derivavit,
1203 4727 1297 4794 rebus
1321 4728 1378 4809 iis,
1408 4744 1492 4808 quae
1511 4727 1545 4791 in
1565 4724 1764 4808 philosophia
1782 4733 1951 4795 versantur
1971 4732 2110 4798 naturali
2133 4734 2223 4801 Gom-

485 4827 594 4891 bachio
614 4826 740 4892 relictis.
782 4825 921 4891 Tandem
939 4808 1012 4910 11²]
1031 4825 1139 4892 Martii
1160 4844 1242 4893 anno
1257 4826 1391 4894 Dcxxl
1411 4844 1482 4893 eum
1502 4824 1659 4892 octiduum
1679 4825 1805 4893 ardenti
1819 4828 2017 4897 conflictatus
2031 4837 2118 4900 esset
2136 4834 2223 4918 febri,

592 5042 619 5110 1)
638 5040 682 5094 Sic
697 5039 750 5096 Dil.
768 5038 885 5095 ridiculo
905 5054 995 5097 errore
1011 5058 1062 5111 pro
1080 5041 1316 5112 compatiensque.

590 5129 620 5196 2)
637 5125 781 5180 Kirchneri
800 5127 897 5195 imago.

589 5214 618 5283 3)
635 5211 724 5267 Multo
742 5212 835 5282 plures
851 5213 1026 5283 scriptorum,
1044 5213 1166 5287 inprimis
1183 5213 1353 5284 poeticorum
1369 5212 1444 5270 tituli
1461 5218 1570 5270 entant
1587 5214 1661 5284 apud
1677 5207 1854 5271 Striederum.

589 5304 619 5366 4)
638 5299 684 5354 Sic
702 5299 770 5362 Dil.;
788 5299 960 5354 scribendum
974 5298 1082 5355 videtur
1101 5300 1209 5357 Gratia

590 5386 619 5454 5)
638 5386 745 5440 Artium
762 5384 888 5453 Magistri
904 5387 1033 5441 honorem
1050 5384 1166 5456 adeptus
1181 5392 1242 5443 erat
1258 5401 1282 5442 a
1302 5388 1369 5443 1591
1385 5385 1525 5444 Striedero
1542 5392 1621 5444 teste.

590 5473 620 5540 ὓ)
637 5473 726 5539 lmago
744 5470 877 5528 Goelenir‘.

591 5558 621 5626 7)
638 5555 761 5612 Eundem
779 5556 850 5613 diem
868 5557 951 5614 habet
967 5557 1111 5630 Pistoriae,
1130 5556 1241 5613 tertium
1256 5557 1350 5616 Martii
1369 5558 1497 5617 Strieder.
