5409 7267
1011 1088 1253 1155 Christianus
1280 1089 1468 1155 Sturmius

1147 1195 1234 1251 Matb.
1257 1196 1331 1251 Prof.

462 1315 552 1380 Hunc
574 1312 817 1394 Gudensberga,
844 1312 998 1378 inferioris
1019 1313 1153 1379 Hassiae
1177 1313 1340 1396 oppidum,
1370 1314 1503 1396 protulit
1531 1332 1615 1379 anno
1640 1313 1694 1380 Cb.
1716 1314 1896 1381 MDXCVII
1918 1316 2010 1381 Janu.
2032 1316 2106 1383 VIII

363 1417 448 1481 inter
469 1414 514 1479 VI
535 1418 568 1480 et
588 1413 649 1479 VH
678 1412 787 1477 horam
816 1414 1042 1494 vespertinam,
1078 1419 1169 1494 patre
1204 1413 1343 1495 casparo
1375 1414 1528 1493 sturmio,
1571 1418 1684 1495 postea
1719 1414 1881 1497 Marpurgi
1920 1415 2108 1497 Theologiae

363 1513 555 1580 Professore.
597 1512 657 1578 Hic
672 1517 837 1594 postquam
855 1512 957 1594 prima
976 1512 1138 1578 literarum
1158 1513 1364 1578 fundamenta
1385 1514 1417 1577 in
1432 1514 1536 1594 patria
1552 1511 1657 1579 schola
1674 1515 1812 1596 jecisset,
1832 1533 1901 1580 cum
1921 1514 2107 1596 parentibus

363 1633 446 1682 anno
467 1612 586 1679 MDCV
607 1612 813 1694 Marpurgum
834 1611 992 1693 profectus
1017 1618 1068 1677 est
1097 1613 1202 1695 ibique
1224 1611 1404 1678 inchoatum
1425 1613 1600 1679 studiorum
1622 1630 1748 1678 suorum
1776 1630 1901 1679 cursum
1927 1615 1960 1679 in
1988 1633 2105 1681 anuum
2158 1646 2162 1656 ·

364 1712 838 1797 usqueDCIXprotraxisset1),
862 1730 923 1793 quo
937 1713 1048 1778 eodem
1063 1732 1144 1778 enno
1162 1718 1328 1794 parentum
1346 1713 1472 1778 consilio
1488 1712 1726 1795 Heidelbergam
1740 1731 1774 1778 se
1787 1713 1926 1795 contulit,
1948 1732 1985 1780 eo
2000 1717 2105 1781 animo

364 1821 403 1880 ut
422 1819 495 1896 post
516 1830 633 1878 annum
653 1811 769 1877 ibidem
790 1816 933 1877 exactum
962 1811 1002 1877 ad
1032 1812 1110 1877 alias
1138 1813 1234 1878 etiam
1257 1812 1444 1877 Germaniae
1471 1819 1710 1894 exterarumque
1736 1814 1900 1879 nationum
1921 1814 2104 1881 Academitrs

365 1913 574 1995 ablegaretur.
618 1913 770 1991 Quoniam
790 1930 864 1978 vero
885 1913 1005 1976 interea
1035 1913 1184 1993 temporis
1212 1912 1352 1978 horribili
1381 1912 1534 1977 bellorum
1564 1912 1705 1978 incendio
1734 1932 1796 1978 non
1817 1914 1986 1980 Germania
2006 1914 2107 1981 solum

365 2018 452 2094 tota,
478 2012 533 2078 sed
554 2014 696 2093 regiones
722 2012 817 2077 etiam
843 2010 993 2076 finitimae
1021 2011 1134 2077 ardere
1162 2012 1366 2093 incipiebant,
1393 2011 1473 2076 adeo
1503 2018 1538 2077 ut
1566 2012 1675 2076 nullibi
1703 2017 1807 2077 totum
1833 2014 2105 2095 peregrinantibus

365 2118 491 2195 pateret
512 2113 588 2193 iter,
617 2129 637 2176 a
664 2116 795 2192 parente
823 2111 1033 2192 Heidelberga
1068 2117 1219 2177 avocatus
1250 2109 1454 2192 Marpurgum
1490 2111 1583 2176 rediit
1612 2129 1649 2176 ac
1680 2111 1751 2177 inde
1776 2112 2042 2194 jurisprudentiae
2072 2120 2106 2181 et

365 2211 582 2293 Philosoplu'ae
603 2209 740 2276 studium
761 2227 860 2291 usque
882 2210 921 2273 ad
944 2209 1108 2275 MDCXXI
1128 2228 1244 2275 annum
1266 2211 1402 2275 studiosi
1422 2211 1568 2275 industrii
1591 2230 1675 2277 more
1696 2213 1898 2278 continuavit.
1940 2215 2104 2295 Ingenium

365 2316 395 2377 ei
424 2311 551 2377 virtutis
583 2310 780 2389 omniumque
810 2308 1013 2375 laudabilium
1044 2311 1157 2375 artium
1194 2310 1441 2375 amantissimum
1479 2311 1624 2376 attribuit
1658 2317 1789 2388 natura,
1826 2313 1910 2378 unde
1938 2314 2105 2395 inprimis

364 2412 541 2493 pubertatis
563 2410 653 2475 annis
674 2408 900 2490 Philosophiae,
923 2410 1099 2490 cumprimis
1122 2427 1195 2474 vero
1216 2409 1511 2475 Mathematicarum
1532 2410 1763 2492 disciplinarum
1785 2431 1820 2477 ac
1841 2412 1984 2494 Po'e‘seos,
2010 2429 2107 2494 quae·
2186 2443 2191 2452 ·

364 2528 425 2593 que
446 2510 495 2576 bis
516 2509 624 2575 affinia
644 2515 736 2590 sunt,
769 2528 874 2574 umore
894 2515 990 2590 atque
1019 2508 1173 2573 desiderio
1202 2507 1370 2573 tenebatur
1398 2527 1536 2590 summo,
1565 2510 1663 2592 iisque
1690 2511 1818 2576 assidua
1841 2529 1917 2576 cura
1942 2530 1980 2577 ac
2001 2511 2105 2578 studio

363 2610 520 2677 indefesso
541 2626 634 2692 quam
655 2609 872 2674 ardentissime
894 2615 990 2673 noctu
1011 2606 1122 2689 dieque
1144 2607 1335 2687 invigilabat.
1379 2607 1493 2673 Postea
1511 2627 1579 2673 cum
1598 2609 1745 2690 iucundis
1763 2610 1831 2675 istis
1851 2610 1946 2675 animi
1968 2610 2105 2678 oblecta-

363 2711 480 2776 mentis
499 2709 687 2776 fructuosius
709 2714 741 2773 et
762 2708 869 2773 utilius
892 2707 1164 2789 Jurisprudentiae
1185 2706 1322 2772 studium
1345 2707 1513 2790 conjunxii‚
1533 2726 1569 2773 ac
1584 2709 1767 2791 inutraque
1781 2708 1938 2791 facultate,
1960 2710 2106 2793 quamvis

360 2809 491 2892 J'uvenili
512 2809 616 2875 adhuc
637 2808 765 2874 floreret
785 2808 909 2887 vigore,
931 2825 967 2871 eo
989 2806 1260 2888 progrediebatur,
1281 2814 1318 2872 ut
1339 2807 1397 2872 viri
1417 2826 1456 2872 ex
1477 2808 1558 2873 omni
1577 2817 1671 2889 parte
1693 2809 1808 2874 eruditi
1827 2809 1954 2874 laudem
1972 2810 2004 2874 iu
2023 2809 2108 2876 virili

365 2913 545 2977 maturitate
567 2928 600 2975 se
621 2912 861 2991 impetraturum
882 2914 1023 2988 speraret
1043 2911 1075 2971 et
1093 2906 1261 2971 confideret
1277 2908 1409 2972 omnino.
1451 2906 1564 2989 Itaque
1580 2927 1662 2972 anno
1681 2908 1736 2974 ch.
1751 2907 1966 2991 Mbuxxv),
1987 2910 2106 2976 aetatis

364 3030 439 3076 vero
469 3009 573 3077 XXIV
604 3008 771 3089 completo,
814 3013 980 3088 postquam
1009 3024 1046 3070 ex
1080 3006 1253 3087 praemissa
1287 3006 1461 3072 studiorum
1499 3025 1535 3072 ac
1568 3007 1752 3073 eruditionis
1783 3007 1997 3090 exploratione
2031 3008 2106 3075 huic

364 3113 542 3196 provinciae
577 3106 777 3176 sustinendae
814 3105 970 3172 sufficiens
1010 3111 1042 3170 et
1081 3105 1210 3170 idoneus
1244 3104 1403 3187 judicatus
1438 3111 1538 3186 esset,
1581 3107 1625 3172 ad
1657 3106 1812 3189 publicam
1850 3115 1883 3172 et
1915 3107 2105 3174 ordinariam

364 3210 659 3279 Mathematicarum
686 3206 844 3287 artium³i
873 3204 1096 3288 professionem
1123 3204 1286 3284 Marpurgi
1315 3203 1470 3270 admissus
1495 3210 1554 3270 est.
1604 3206 1670 3284 Quo
1697 3207 1792 3272 etiam
1819 3225 1900 3273 auno
1929 3206 2106 3274 connubiali

364 3312 513 3379 astrinxit
547 3309 607 3377 sibi
639 3306 759 3373 vinculo
799 3306 965 3372 honestiss.
996 3305 1146 3385 virginem
1179 3303 1354 3383 Maribam,
1397 3304 1434 3368 D.
1464 3304 1595 3370 Joannis
1624 3306 1737 3371 Kleinii
1766 3306 1796 3372 J.
1826 3307 1860 3373 Ο.
1892 3312 1925 3373 et
1952 3306 2105 3374 Advocati

366 3411 538 3479 Cassellani
564 3408 676 3489 filiam
702 3408 800 3489 Regu.
835 3405 947 3471 Sixtini
987 3409 1129 3485 neptem,
1172 3421 1252 3484 quae
1289 3408 1395 3467 tamen
1429 3404 1569 3483 proxime
1601 3407 1744 3487 sequenti
1779 3423 1862 3472 anno
1890 3412 1992 3474 morte
2026 3405 2105 3473 obiit

364 3514 579 3592 immatura‘).
621 3508 753 3590 Imagini
777 3505 948 3573 Christiani
968 3503 1045 3569 haec
1064 3503 1197 3584 Eglinus
1219 3503 1381 3584 apposuit:

847 3604 984 3660 Sturrniue
1003 3604 1119 3672 insipaia
1133 3604 1276 3672 primaevo
1294 3603 1323 3656 in
1336 3602 1411 3671 flore
1423 3600 1570 3671 professor

883 3689 1055 3744 Christianus
1073 3690 1217 3743 conivere
1231 3704 1361 3758 propago
1377 3689 1477 3758 potas,

848 3775 947 3832 Laude
965 3776 1164 3832 Motlrernatioa
1182 3775 1302 3841 excellit,
1330 3791 1408 3843 quem
1425 3773 1623 3843 Jurepcritum,

881 3864 923 3919 Et
945 3864 1045 3917 Votum
1062 3868 1151 3917 uatem
1166 3862 1232 3917 boec
1249 3860 1338 3916 dulces
1355 3861 1446 3930 imago
1464 3859 1550 3928 refert
1561 3862 1591 3928 ⁵).

467 4010 493 4078 l)
512 4010 557 4064 Sic
574 4009 683 4077 scripsit
701 4008 756 4062 Dil.

463 4099 491 4154 2r
509 4094 655 4150 Manifesto
673 4109 765 4150 errore
781 4093 835 4148 Dil.
856 4094 966 4162 scripsit
983 4090 1114 4146 MDXXI.

464 4184 494 4251 3)
511 4182 601 4237 Locus
618 4181 751 4250 imaginis.

461 4268 491 4338 l)
509 4269 599 4337 Ipsum
618 4267 720 4323 obiisse
738 4265 803 4321 dicit
821 4282 891 4321 anno
911 4282 964 4321 non
982 4265 1074 4322 addito
1095 4266 1242 4339 Pistorius‚
1260 4269 1337 4338 cujus
1354 4266 1537 4336 Propylaeum
1555 4266 1657 4321 editum
1675 4271 1718 4321 eat
1735 4281 1760 4320 a
1781 4268 1855 4321 1666.

462 4355 491 4423 5)
507 4354 713 4423 Subsequuntur
743 4352 895 4422 complures
922 4352 1014 4409 scidae
1041 4369 1145 4410 vacuae
1173 4354 1292 4424 quidem,
1331 4352 1380 4409 sed
1413 4353 1493 4408 lineis
1528 4352 1718 4408 circumductis
1747 4351 1779 4408 ad
1807 4350 2004 4408 coadunandus
2033 4351 2105 4407 ritas

365 4439 593 4497 accommodatae.
