5409 7267
474 967 535 1038 ,80
651 978 655 990 '

488 1171 693 1251 obscuritate,
715 1168 773 1234 sed
793 1166 931 1232 utilitate
950 1165 1115 1248 praecipue
1136 1164 1170 1229 in
1190 1164 1340 1246 Rempob.
1363 1164 1532 1231 derivanda
1551 1168 1726 1233 metiretur.
1776 1168 1914 1253 Ideoque
1932 1168 1995 1235 buc
2013 1170 2222 1252 cogitationes

486 1290 561 1340 suas
583 1286 647 1336 uon
667 1266 765 1335 velud
786 1266 827 1333 sd
846 1264 1009 1348 parvulam
1030 1261 1241 1347 Cynosuram,
1270 1264 1325 1330 sed
1350 1265 1393 1331 ad
1412 1264 1540 1332 Helicen
1565 1271 1598 1332 et
1619 1267 1806 1334 dmissims
1827 1269 2062 1352 Septentriones
2080 1271 2222 1353 dirigens

484 1368 714 1454 Philosophiam
736 1369 836 1451 ipsam
857 1372 890 1432 et
909 1364 1174 1432 artemhfedioam
1190 1369 1258 1429 tum
1278 1363 1361 1446 apud
1374 1364 1527 1447 hirenes,
1547 1366 1688 1432 Rutenos
1706 1372 1740 1433 et
1760 1367 1793 1432 in
1808 1368 1982 1452 principum
1992 1369 2223 1453 Megalopyrgi-

485 1491 590 1540 coram
611 1470 726 1536 ducatu
754 1473 788 1534 et
811 1467 901 1550 ama,
928 1470 1096 1532 tumuere
1126 1464 1160 1529 in
1185 1463 1363 1529 bedenas
1392 1464 1617 1547 Rostochiana,
1649 1464 1867 1550 Marpurgensi
1895 1473 1930 1533 et
1957 1469 2089 1535 lenensi
2114 1470 2222 1537 docuit

484 1572 622 1658 publice,
641 1574 738 1652 atquc
757 1566 936 1649 Northusii,
958 1563 1156 1631 Francefurti
1175 1563 1217 1629 ad
1238 1561 1382 1629 Moenum
1403 1568 1437 1629 et
1458 1563 1590 1647 denique
1615 1566 1647 1630 in
1674 1567 1779 1650 patria
1805 1565 1943 1634 studium
1970 1569 2222 1652 industriamque

485 1691 575 1741 auam
594 1670 636 1735 ad
650 1668 809 1734 bominum
823 1665 1034 1733 valetudinem
1045 1663 1174 1730 consilio
1192 1667 1226 1728 et
1240 1679 1336 1744 opera
1354 1662 1526 1744 iuvandam
1544 1664 1687 1731 contulit.
1728 1665 1849 1747 Quin¹)
1869 1666 1911 1732 ad
1932 1672 2057 1734 exteras
2076 1669 2222 1735 nationes

484 1770 612 1840 transiit
632 1787 689 1854 per
708 1767 822 1850 Belgas
843 1765 988 1832 videlicet
1005 1763 1048 1831 ad
1066 1762 1184 1845 Anglos
1212 1766 1245 1828 et
1272 1761 1312 1827 ab
1341 1761 1390 1828 bia
1416 1780 1474 1845 per
1494 1761 1614 1829 Gallias
1642 1766 1877 1849 peregrinatus,
1908 1766 2032 1832 Italiam
2052 1768 2222 1851 petiturus,

484 1874 545 1940 nisi
569 1873 603 1937 in
631 1869 769 1936 trmsitu
792 1866 938 1932 Basileae
974 1866 1007 1930 in
1035 1861 1173 1929 Graecos
1211 1861 1373 1928 incidisset
1405 1860 1561 1945 lfedioos,
1603 1862 1843 1947 Hippocratem,
1882 1864 2050 1949 Galenum,
2086 1868 2221 1933 Paulum

484 1972 710 2054 Aeginetan2)
730 1971 765 2033 et
781 1963 996 2032 Dioscoridem
1015 1964 1049 2028 in
1062 1962 1177 2027 Aldina
1199 1960 1323 2027 officina
1337 1961 1477 2027 Venetiis
1497 1979 1638 2029 excusos.
1679 1964 1728 2028 Er
1745 1982 1806 2046 quo
1823 1982 1918 2047 porro
1936 1970 2075 2050 tempore
2092 1969 2220 2052 rejectis

485 2071 612 2140 medicis
632 2068 694 2134 illis
706 2066 860 2147 barbaris,
880 2082 959 2148 quas
973 2062 1163 2128 novennium
1174 2066 1336 2145 mantus,
1361 2061 1489 2128 Graecis
1500 2061 1563 2127 illis
1580 2080 1615 2128 se
1634 2068 1735 2129 totum
1746 2063 1877 2146 addixit,
1896 2065 2022 2132 illorum
2032 2067 2220 2134 medicinam

483 2172 580 2240 mriis
606 2171 640 2236 in
664 2168 740 2234 locis
768 2164 906 2232 exercuit
932 2162 1138 2246 postmodum
1191 2161 1291 2240 Quum
1317 2162 1426 2243 itaque
1452 2162 1491 2227 iis
1515 2162 1684 2244 praecipue
1708 2163 1831 2230 artibus
1858 2169 1892 2230 et
1918 2166 2031 2231 studiis
2048 2167 2115 2249 jam
2134 2175 2219 2235 esset

485 2271 682 2349 notissimus,
701 2264 923 2345 Francofurto,
945 2263 999 2327 ubi
1021 2266 1087 2327 tum
1107 2261 1270 2345 physicum
1287 2261 1413 2343 egebat,
1431 2278 1452 2325 a
1468 2261 1613 2344 Philippo
1629 2262 1828 2345 Laudgrevio
1849 2265 2095 2332 ennoMDXLII
2108 2268 2217 2335 Galen.

483 2373 561 2440 Julii
585 2370 789 2451 Marpurgum
813 2364 855 2430 ad
882 2362 1067 2428 Medicinam
1099 2360 1219 2444 publice
1251 2359 1423 2426 docendam
1451 2366 1597 2427 evocatus
1631 2362 1664 2427 in
1700 2380 1771 2429 eam
1796 2363 1932 2430 scholam
1965 2370 2033 2431 tum
2065 2370 2217 2451 temporis

483 2470 702 2551 Grunbergam
729 2464 917 2531 translatam
941 2461 987 2527 VI
1016 2460 1081 2527 Gal.
1110 2459 1187 2525 Nov.
1218 2460 1319 2541 venit,
1358 2478 1488 2541 cumque
1521 2461 1597 2526 nihil
1625 2463 1841 2543 praestantius
1851 2464 1882 2546 ⁸)
1911 2464 2084 2549 judicaret,
2122 2484 2216 2551 quam

482 2573 634 2657 optimum
653 2566 733 2632 artis
754 2565 912 2630 doctorem
923 2561 1145 2644 Hippocratem
1166 2561 1200 2625 in
1219 2559 1321 2626 lucem
1341 2577 1497 2642 revocare,
1519 2560 1651 2626 mndem
1671 2562 1705 2627 iu
1726 2580 1786 2629 sna
1806 2563 1927 2645 lingua,
1947 2562 2007 2630 hoc
2020 2570 2072 2632 est
2087 2566 2215 2652 Graece,

483 2671 665 2757 praelegere
692 2682 874 2748 aggressus,
909 2667 1072 2744 artemque
1098 2660 1249 2725 medicam
1270 2660 1468 2742 postmodum
1492 2661 1653 2742 exquisitis
1680 2662 1902 2729 madidonibua
1929 2673 2138 2748 persequutus
2167 2678 2217 2735 est

483 2778 518 2840 et
536 2767 723 2836 Academiae
744 2765 865 2830 clavum
876 2762 1018 2828 Rectoris
1038 2760 1192 2842 dignitate
1211 2758 1276 2825 cal.
1295 2759 1373 2825 Julii
1393 2777 1475 2825 auno
1488 2759 1658 2826 MDXLIII
1678 2767 1790 2828 auctus
1811 2764 1961 2845 tenuitt).
2004 2766 2217 2851 caeteroquin

482 2889 547 2938 non
565 2869 668 2934 minus
687 2866 791 2946 libris,
819 2880 912 2946 quam
934 2861 1078 2928 humanis
1099 2859 1281 2943 corporibus
1301 2858 1436 2925 medicas
1457 2860 1600 2926 adhibuit
1625 2878 1750 2943 manus,
1776 2861 1850 2927 dum
1877 2868 1934 2929 aut
1953 2864 2078 2931 eosdem
2098 2867 2162 2933 situ
2182 2875 2216 2935 et

481 2969 619 3037 tenebris
637 2965 775 3048 sepultos
796 2963 877 3029 eruit
898 2966 930 3028 et
950 2980 968 3026 e
988 2960 1108 3027 Graeco
1129 2960 1160 3025 in
1180 2959 1328 3025 Latinum
1349 2957 1524 3024 sermonem
1548 2959 1709 3026 traductos
1735 2960 1920 3046 publicavit,
1956 2969 2012 3030 ant
2036 2967 2157 3034 mendis
2179 2977 2212 3035 et

481 3066 639 3137 erroribus
666 3065 836 3130 infuscatas
864 3061 1046 3142 repurgavit
1072 3065 1106 3124 et
1129 3060 1264 3141 pristino
1292 3058 1386 3123 nitori
1407 3059 1557 3124 restitnit.
1606 3059 1712 3142 Atque
1724 3062 1754 3144 ⁸)
1777 3060 1824 3126 ita
1851 3061 1975 3143 quidem
2006 3064 2213 3151 eTheologis

480 3168 641 3235 veteribus
668 3162 850 3240 Basiliam,
882 3160 1114 3241 Epiphaniam,
1146 3157 1403 3241 Chrysostomem
1434 3164 1467 3223 et
1494 3158 1587 3240 aliea,
1619 3179 1637 3225 e
1662 3160 1792 3225 Medicis
1819 3159 1947 3227 Graecis
1974 3163 2211 3250 Hippocratem,

482 3268 659 3346 Galatam,
689 3263 819 3329 Attium
838 3259 966 3326 donavit
984 3258 1076 3324 Latio
1094 3274 1131 3322 ac
1151 3266 1278 3338 praeter
1297 3255 1370 3322 illos
1389 3255 1527 3324 Medicas
1552 3264 1585 3324 et
1608 3259 1811 3343 Philosophus
1836 3277 1929 3343 quam
1952 3263 2101 3346 plurimos
2131 3266 2213 3335 fideli

480 3366 650 3435 illustravit
677 3380 773 3445 opera
801 3366 835 3427 et
862 3359 964 3426 studio
990 3356 1153 3423 indefesso.
1208 3354 1258 3421 Sic
1277 3356 1430 3423 Marcelli
1456 3357 1597 3424 authoris
1624 3360 1748 3443 antiqui
1773 3361 1812 3425 de
1840 3363 1944 3428 variis
1973 3365 2212 3436 meamea

481 3489 576 3551 optas,
602 3463 719 3530 ,Macri
741 3469 858 3544 poena
883 3460 923 3527 de
945 3458 1073 3553 planti?
1100 3461 1133 3522 et
1152 3458 1267 3523 irmerti
1287 3457 1456 3540 cujusdam
1475 3460 1621 3525 camaris
1647 3460 1754 3526 itidem
1781 3461 1821 3525 de
1845 3461 1989 3544 plactis,
2021 3466 2211 3535 amimalium

476 3564 628 3651 partibus
649 3583 688 3629 ac
708 3568 812 3629 terrae
831 3560 1010 3643 speciebus:
1032 3557 1263 3640 Mcrbcdeiqm
1282 3557 1320 3623 de
1343 3558 1507 3640 lapidibus
1527 3562 1672 3625 carmina
1691 3558 1870 3625 emendavit
1887 3565 1920 3625 et
1933 3562 2018 3627 notis
2033 3563 2211 3634 illustrarit.

479 3668 517 3734 Iu
539 3665 663 3731 Latium
683 3665 849 3744 praeterea
878 3675 1050 3725 sermonem
1081 3656 1221 3723 madunt
1242 3656 1383 3724 Paolum
1403 3658 1591 3741 Arpinatem
1620 3658 1752 3741 adjectis
1776 3665 1894 3741 septem
1914 3660 2172 3733 Dolabel-raram
2183 3669 2213 3750 ⁸)

481 3766 591 3833 libris:
627 3762 697 3827 XX
724 3762 764 3826 ae
790 3760 1003 3843 Apricaltura
1031 3757 1130 3822 libros
1163 3756 1372 3823 Oarastcmtino
1394 3758 1531 3823 Caesari
1557 3761 1748 3839 inscriptos,
1780 3764 1813 3824 et
1832 3759 2024 3827 scemam
2041 3762 2213 3845 Βορῆὼιαι

476 3863 752 3949 physiopmomicc:
785 3859 955 3925 Parthenii
989 3857 1106 3922 libram
1136 3856 1175 3921 dc
1205 3856 1388 3922 Ammaia
1418 3857 1655 3941 affectionibus,
1686 3859 1735 3924 cui
1765 3858 1932 3924 subnexuit
1960 3858 2142 3929 maranen
2172 3868 2209 3931 ira

481 3965 609 4031 medem
631 3960 911 4044 perepriaatimis.
957 3956 1100 4037 Denique
1119 3956 1367 4040 Epiprammato
1389 3956 1585 4023 Graecorum
1613 3975 1675 4023 non
1702 3975 1801 4041 panea
1829 3964 1926 4041 atque
1944 3958 2146 4030 Dioscoridie
2168 3966 2209 4033 de

480 4065 617 4132 matario
647 4061 770 4127 medico
795 4059 829 4125 V
851 4058 903 4125 lib.
935 4056 1170 4123 salmacidas
1201 4056 1338 4137 additis,
1375 4061 1408 4121 et
1438 4078 1537 4124 atam
1568 4059 1607 4123 de
1638 4058 1748 4123 bestiis
1778 4078 1930 4125 ememor
1965 4060 2209 4148 mammutius,

481 4167 617 4232 alienam
645 4161 684 4227 de
707 4158 877 4225 etalem
901 4157 1153 4234 medicamentis,
1191 4155 1305 4237 quibus
1333 4174 1472 4222 annexae
1497 4158 1626 4241 Sparsa
1651 4156 1809 4241 Cyrenaei
1834 4159 2058 4243 apameam,
2096 4162 2209 4231 Latine

580 4366 605 4432 1)
622 4362 698 4417 llaec
717 4376 825 4431 quoque
844 4374 930 4428 usqua
948 4358 983 4415 ad
999 4357 1175 4430 poematum
1191 4373 1225 4413 ex
1241 4356 1340 4412 Adami
1357 4357 1428 4413 libro
1445 4361 1558 4429 margini
1576 4362 1708 4431 inscripta
1725 4365 1795 4415 eunt.

578 4451 604 4517 2)
622 4450 781 4518 semmae
800 4447 909 4516 scripsit
922 4446 977 4501 Dii.
1003 4477 1035 4485 -
1063 4446 1089 4514 3)
1106 4446 1195 4500 Locus
1213 4445 1345 4513 imaginis.

576 4536 603 4603 4)
623 4532 682 4600 Quo
699 4548 770 4589 auno
786 4532 934 4602 Marpurpo
953 4532 1113 4603 decesserit,
1132 4531 1187 4585 Dil.
1202 4547 1256 4586 non
1270 4530 1354 4586 tradit
1370 4544 1459 4599 neque
1479 4538 1555 4587 certo
1565 4539 1679 4588 constat.
1713 4535 1783 4591 Nam
1792 4533 1866 4605 qood
1878 4533 2014 4613 l‘istorius
2024 4549 2049 4591 a
2061 4533 2210 4593 beXLVI

481 4635 542 4676 cam
558 4618 764 4675 francofurtum
781 4619 882 4675 abiisse
899 4624 1002 4690 narrat,
1020 4635 1081 4674 cum
1093 4618 1165 4673 Albo
1183 4618 1291 4689 quidem
1308 4616 1464 4673 academico
1481 4619 1635 4673 consentire
1653 4619 1765 4691 vidomr,
1785 4622 1813 4676 in
1830 4636 1885 4691 qno
1903 4620 1938 4677 ad
1955 4636 2055 4678 annum
2064 4620 2210 4679 leXLVl

480 4707 548 4761 haec
564 4704 703 4775 leguntur:
722 4706 890 4761 Ahmatabae
908 4705 1064 4760 doctoribus
1082 4703 1217 4759 (lomacio
1234 4710 1261 4758 ct
1278 4702 1398 4758 macae
1412 4704 1619 4774 professombas
1632 4707 1764 4778 princeps
1781 4708 1872 4764 uoiait
1888 4708 1961 4763 auco
1977 4710 2136 4778 mam,
2159 4707 2209 4764 sed

480 4807 515 4847 ne
532 4792 603 4847 hunc
620 4791 767 4847 discessum
784 4796 947 4860 perpetuum
963 4791 1048 4846 fuisse
1067 4795 1229 4857 statuamus,
1247 4789 1336 4858 ipsum
1353 4788 1455 4844 Album
1472 4788 1654 4848 academicum
1671 4800 1757 4865 vetat,
1776 4809 1829 4864 quo
1847 4792 2005 4848 Comarinrn
2023 4808 2048 4848 a.
2060 4792 2209 4848 MDXLIX

480 4878 636 4933 doctoratus
652 4877 801 4946 insignibus
819 4877 980 4933 Volcuinum
990 4875 1127 4945 Vigelium
1144 4875 1266 4944 aliosque
1287 4875 1425 4931 ornariasa
1444 4874 1579 4932 docemur.
1614 4877 1711 4949 Itaque
1725 4881 1789 4949 jore
1805 4894 1855 4935 suo
1874 4878 1908 4933 de
1923 4877 1972 4934 illo
1989 4894 2060 4935 anno
2077 4878 2209 4936 dubitavit

479 4962 614 5032 Strieder,
638 4963 707 5031 ipsis
725 4964 846 5019 thesibus
869 4977 893 5017 a.
911 4962 1055 5016 MDXLlX
1078 4961 1158 5017 editis
1180 4976 1261 5030 usus3
1288 4962 1360 5031 quod
1386 4968 1478 5016 autem
1499 4962 1723 5034 alfarpurgensi
1750 4967 1779 5020 in
1796 4965 2022 5021 Rostocbiensam
2039 4964 2206 5021 wamiam

479 5067 542 5106 enm
561 5050 700 5108 mamiiase
716 5048 812 5118 tradit,
831 5050 940 5119 egregie
957 5048 1074 5112 fallitur;
1095 5064 1161 5103 nam·
1176 5047 1316 5103 Rostochii
1336 5046 1366 5102 0.
1384 5048 1419 5102 ab
1437 5063 1507 5103 anno
1525 5047 1661 5106 Mnxxv
1681 5066 1767 5120 nsque
1791 5050 1827 5106 ad
1847 5067 1872 5107 a
1890 5050 2049 5107 moxxvu
2067 5050 2207 5121 professor

479 5137 574 5191 fuerat
608 5135 648 5191 cf.
663 5135 786 5204 Krabbe,
805 5135 830 5191 d.
848 5137 925 5192 Univ.
943 5134 1062 5190 Rostoclr
1080 5135 1118 5188 im
1137 5136 1176 5189 15.
1194 5151 1221 5188 u.
1242 5137 1281 5189 16.
1297 5133 1393 5190 Jahrh.
1413 5135 1439 5206 l,
1461 5151 1488 5204 p.
1505 5138 1556 5190 378
1573 5152 1632 5205 sqq.
1676 5138 1750 5193 Inter
1768 5138 1991 5209 Marpurgeuaem
2014 5143 2043 5194 et
2059 5137 2208 5195 Jenausenr

479 5222 622 5279 stationem
640 5221 848 5277 Zwickaviensia
864 5221 1033 5277 intercedere
1049 5218 1162 5275 videtur.
1197 5219 1229 5275 In
1247 5220 1323 5276 acad.
1340 5220 1467 5290 lenensi,
1486 5222 1582 5278 eodem
1599 5240 1683 5294 anno,
1702 5242 1755 5295 quo
1771 5225 1839 5281 obiit
1856 5224 2014 5293 comorius,
2039 5224 2208 5294 inaugmats,

479 5308 627 5364 secundum
645 5309 714 5363 inter
728 5308 878 5364 medicinae
893 5309 1059 5377 professores
1077 5307 1193 5362 obtinuit
1208 5306 1310 5375 locum;
1340 5307 1368 5361 in
1386 5323 1465 5377 quam
1481 5317 1642 5377 pervenerat
1665 5329 1689 5367 a.
1704 5311 1849 5378 MDLVII,
1872 5328 1925 5382 qno
1943 5312 2095 5367 orationem
2113 5310 2208 5369 eodem

480 5410 551 5451 anuo
569 5392 669 5448 editam
687 5394 788 5448 habuit.

578 5481 604 5545 5)
623 5478 667 5532 Sic
685 5477 749 5546 nil,
768 5479 815 5533 ubi
831 5485 878 5533 aut
895 5477 1072 5534 delatrarem
1087 5485 1135 5533 aut
1153 5478 1349 5534 camoenarum
1366 5478 1448 5547 (quod
1467 5481 1496 5534 in
1512 5478 1592 5535 titulo
1608 5480 1672 5535 libri
1689 5451 1786 5551 exstat)
1805 5483 1978 5542 scribendum
1995 5489 2063 5539 crat

578 5565 608 5632 6)
625 5565 655 5619 lu
673 5563 838 5620 conficiendo
858 5564 986 5621 librorum
1004 5563 1093 5621 indice
1109 5564 1164 5620 llil.
1182 5580 1247 5621 nsua
1265 5571 1308 5622 est
1325 5565 1470 5621 Boissardo
1488 5567 1507 5622 l.
1525 5566 1543 5622 l.
1561 5583 1588 5636 p.
1608 5569 1657 5622 166
1675 5583 1732 5637 sqq.
