5409 7267
639 942 708 1017 132

637 1138 799 1205 doctrInae
818 1135 1012 1204 incunabulis
1032 1134 1073 1201 ad
1093 1134 1218 1218 legum,
1247 1152 1369 1202 mamm
1392 1135 1534 1219 jurisque
1562 1135 1726 1201 scieutlam
1753 1134 1786 1201 in
1808 1134 2026 1218 Marpurgeosi
2047 1134 2213 1203 Academia
2234 1135 2385 1215 defluxit,

639 1255 736 1322 quam
763 1237 908 1318 deinceps
934 1237 966 1301 in
994 1235 1114 1302 Galliae
1144 1240 1178 1300 et
1205 1234 1317 1300 Italiae
1343 1234 1519 1301 Academils
1547 1234 1668 1301 limavit
1697 1237 1820 1302 omnino
1847 1236 1978 1318 politius
2004 1241 2038 1301 et
2063 1236 2255 1318 perlustrata
2281 1237 2387 1302 etiam

636 1336 761 1404 amne
781 1336 885 1403 insula
902 1334 1039 1416 Maltha,
1067 1351 1148 1417 quae
1166 1333 1260 1399 bodie
1281 1333 1453 1401 Christiani
1480 1334 1565 1400 orbis
1593 1334 1681 1399 velut
1706 1334 1979 1418 propugnaculum
1999 1335 2157 1419 quoddam
2177 1341 2243 1417 est,
2269 1353 2386 1402 rerum

637 1438 778 1520 ipsarum
798 1455 864 1519 usu
887 1454 980 1519 quem
1001 1454 1019 1501 e
1036 1434 1213 1516 longinquis
1233 1433 1314 1500 adeo
1333 1433 1460 1515 collegit
1478 1434 1790 1516 peregrinationibus,
1809 1433 2005 1500 confirmarit
2022 1453 2127 1517 pomo.
2169 1434 2386 1518 caeteroquin

639 1555 678 1603 ex
698 1535 784 1602 hisce
801 1535 966 1601 itineribus
993 1534 1092 1600 redux
1119 1551 1216 1615 quum
1238 1551 1320 1599 anuo
1341 1532 1489 1600 Mucxv
1507 1533 1615 1598 Martii
1635 1532 1741 1599 XXIX
1762 1536 1905 1600 oratioue
1926 1535 2051 1617 lugubri
2071 1533 2181 1600 habita
2198 1540 2387 1617 promptam

638 1641 672 1703 et
690 1641 835 1719 paratam
863 1635 898 1701 iu
924 1633 1101 1717 perorando
1122 1650 1250 1715 operam
1272 1634 1477 1714 ostendisset,
1508 1634 1584 1699 XXI
1603 1632 1680 1715 Maji
1707 1634 1741 1698 in
1768 1633 1985 1701 Professorum
2015 1634 2188 1716 asscriptus
2213 1652 2387 1700 numerum

638 1737 782 1804 Oratoris
805 1735 896 1802 simul
917 1753 955 1801 aa
968 1732 1087 1816 syndici
1104 1750 1218 1798 munus
1233 1751 1346 1799 curare
1361 1733 1498 1815 iubetur.
1540 1731 1677 1813 Ideoque
1691 1733 1778 1799 lunii
1791 1732 1866 1799 XIV
1887 1736 2029 1800 oratioue
2050 1734 2195 1801 domare
2213 1733 2387 1800 lection·

636 1836 836 1919 auspicatus,
864 1835 925 1903 XX
951 1835 1067 1900 mensis
1095 1831 1234 1916 eiusdem
1257 1851 1277 1897 a
1298 1831 1466 1899 Goeddaeo
1487 1831 1516 1897 J.
1538 1831 1577 1897 U.
1598 1832 1742 1898 mauris
1771 1832 1940 1900 honoribus
1967 1840 2097 1900 ornatur
2125 1839 2160 1900 et
2188 1833 2282 1900 simul
2312 1851 2387 1900 cum

636 1934 792 2002 Matthaei
812 1936 1005 2003 Wesenbecii
1024 1939 1117 2016 nepte
1135 1933 1264 2014 nuptias
1285 1931 1423 1998 celebrat
1435 1933 1472 2013 ¹).
1514 1933 1562 1997 Ile
1582 1932 1717 2013 imagine
1739 1951 1813 2000 nero
1835 1932 2025 2001 Schonicldii
2045 1933 2193 2017 muna:

1121 2033 1246 2088 Rbetora
1264 2031 1424 2100 Scironseldi
1439 2031 1569 2099 sarrana
1581 2032 1664 2100 paris
1681 2047 1732 2087 ora
1748 2032 1862 2099 diserto,

1157 2117 1313 2185 malaca,
1333 2118 1415 2173 Cotta
1432 2116 1568 2188 ὅφιάίεω
1584 2118 1666 2186 taque
1680 2118 1783 2186 wala,

1128 2205 1164 2263 Ue
1181 2205 1349 2276 cognominis
1367 2220 1409 2271 es,
1427 2204 1549 2259 columen
1566 2204 1606 2259 sic
1621 2203 1725 2273 manda
1739 2207 1867 2275 parentia

1156 2290 1270 2362 Affecti,
1288 2305 1421 2362 espreaaa
1436 2290 1557 2345 nosceris
1573 2288 1672 2360 effigie.

1327 2552 1493 2620 lacobus
1519 2552 1698 2636 Thyrius,

1359 2658 1463 2728 Legum
1482 2659 1659 2730 Licentiatus,

735 2777 970 2860 antuerpiensi
991 2776 1097 2860 patria
1117 2775 1227 2859 primis
1254 2775 1421 2842 literarum
1448 2776 1664 2843 fundamentis
1692 2777 1724 2842 iu
1746 2776 1858 2859 patriis
1880 2775 2059 2858 Gymnasiis
2081 2781 2114 2842 et
2134 2775 2266 2844 Luranii
2284 2779 2389 2863 jactis

638 2877 680 2945 ad
708 2896 794 2960 spem
822 2877 974 2943 uberioris
1007 2875 1168 2941 doctmnae
1195 2874 1398 2959 Marpurgum
1432 2877 1533 2959 primo
1567 2882 1662 2958 atque
1698 2877 1771 2942 dein
1799 2875 2056 2959 Heidelbergam,
2087 2875 2323 2958 Iugolstadium
2351 2886 2390 2947 ct

638 2979 776 3045 visitatis
803 2977 926 3045 Galliae
955 2982 988 3042 et
1016 2976 1197 3042 Pannoniae
1229 2976 1305 3041 locis
1340 2976 1568 3059 compluribus,
1602 2977 1744 3042 Paduam
1775 2976 1888 3043 Italiac
1921 2974 2143 3057 commigravit.
2194 2976 2233 3044 Iu
2266 2978 2389 3062 quibus

638 3077 816 3143 Academds
836 3095 931 3159 quum
951 3076 1086 3142 Poeseos
1105 3080 1137 3140 et
1157 3074 1333 3158 linguarum
1354 3076 1505 3157 Latirrae,
1525 3076 1666 3157 Italicae,
1694 3076 1851 3164 Gallicae,
1880 3075 2068 3158 Hispanicae
2089 3075 2148 3142 sibi
2168 3087 2391 3161 comparasset

639 3176 861 3259 experientiam
881 3192 959 3239 sane
978 3175 1152 3255 egregiam,
1180 3191 1216 3239 eo
1238 3175 1441 3240 scientiarum
1468 3174 1595 3239 illarum
1620 3176 1758 3241 encomio
1782 3175 1954 3241 Hessorum
1973 3173 2107 3257 principi
2125 3174 2276 3243 Mauritio
2299 3196 2389 3246 oom-

639 3275 849 3357 mendatus¹)
878 3277 975 3355 atque
1001 3273 1035 3338 iu
1062 3272 1166 3338 aulam
1193 3277 1337 3356 vocatus,
1376 3292 1447 3339 cum
1472 3291 1529 3356 per
1558 3293 1657 3341 annos
1690 3276 1802 3358 viginti
1833 3274 2015 3341 insemisset
2041 3274 2158 3356 partlm
2187 3275 2221 3343 in
2249 3295 2389 3347 munere

639 3373 889 3455 biblothecano,
908 3372 1025 3454 partim
1042 3371 1075 3437 iu
1095 3370 1273 3454 linguarum
1293 3373 1486 3438 ereticorum
1506 3374 1786 3459 interpretatione,
1814 3392 1897 3441 auno
1916 3371 2067 3440 Mucxv
2088 3373 2129 3440 ab
2149 3374 2219 3457 ipso
2239 3377 2391 3463 principe

639 3471 850 3540 Historiarum
871 3476 904 3537 et
923 3471 1056 3537 Poeseos
1083 3470 1242 3554 professor
1268 3472 1470 3539 constituitur
1497 3472 1639 3555 publicus
1668 3491 1775 3540 mense
1797 3473 1900 3556 Maio,
1931 3478 1969 3539 ut
1997 3472 2179 3539 succederet
2198 3473 2389 3547 Kuchnero.

639 3571 699 3640 Hic
718 3591 814 3655 quum
832 3588 915 3638 anuo
936 3569 1087 3638 MDGXX
1107 3569 1317 3638 dimissionem
1337 3573 1501 3654 petiisset,
1523 3591 1594 3639 eam
1615 3574 1847 3657 impetravit2).
1889 3572 1971 3640 Hine
1991 3571 2038 3639 illi
2059 3571 2137 3640 haec
2156 3572 2368 3658 Fabronius:}

1123 3670 1242 3740 Ibyeina
1257 3672 1367 3741 inpenio
1380 3678 1531 3742 praeimus
1548 3678 1630 3742 atque
1646 3674 1753 3729 onibus
1769 3674 1836 3741 illia,

1158 3755 1241 3827 Qneia
1254 3756 1358 3826 papali
1375 3774 1409 3812 ae
1421 3774 1568 3828 proceram
1586 3760 1750 3814 conciliatur
1764 3760 1863 3827 bonae,

1123 3840 1289 3907 Gmnanoa,
1307 3842 1411 3909 Italos,
1430 3843 1528 3898 Gallos
1547 3850 1574 3898 et
1591 3845 1724 3899 Panonac
1742 3846 1815 3899 inter

1156 3926 1300 3982 Rontanar
1316 3928 1455 3997 increpuit
1468 3930 1576 3998 plectra
1593 3945 1696 3984 sonora
1713 3930 1797 4000 lyrae

1122 4012 1297 4082 minamur
1314 4014 1450 4084 interpres
1468 4015 1510 4069 bia
1528 4014 1606 4069 denia
1623 4015 1725 4069 claruit
1741 4017 1823 4072 annia

1156 4099 1291 4154 Mauritii
1308 4100 1462 4155 Hesionen
1480 4101 1623 4170 Principia
1640 4102 1775 4170 obsequio.

1122 4184 1194 4240 Poat
1211 4189 1269 4239 toto
1287 4186 1422 4241 bunnar
1436 4202 1490 4256 per
1503 4187 1619 4257 pulpita
1636 4187 1719 4243 docto
1733 4190 1879 4258 proferans

1156 4271 1309 4341 Marparpi
1328 4272 1415 4327 lasso
1432 4288 1489 4328 non
1504 4274 1563 4328 aine
1580 4274 1663 4328 laude
1675 4275 1743 4343 suit

1123 4355 1193 4411 Inde
1209 4371 1293 4411 aenea
1309 4357 1413 4428 Belgas
1427 4360 1539 4428 repetit,
1556 4361 1614 4415 sint
1629 4368 1738 4416 caetera
1755 4378 1845 4428 carae,

1160 4440 1245 4511 Οιψιε
1262 4460 1331 4498 cara
1340 4444 1416 4512 snit,
1433 4447 1493 4500 rita
1504 4445 1630 4516 fidesque
1646 4448 1715 4503 Deo.
1946 4437 1950 4448 ’

642 4549 685 4614 llt
705 4548 738 4613 iu
759 4547 894 4631 effigiem
915 4545 1053 4629 ejusdem
1074 4544 1219 4627 Eglidus:

1126 4644 1244 4715 Ilignea
1262 4644 1408 4700 Historiae
1423 4645 1526 4702 vindex
1543 4648 1697 4719 Laboepu
1713 4650 1833 4708 medulla

1160 4729 1310 4800 Calliopea,
1325 4732 1395 4800 pari
1409 4731 1587 4803 deliciumque
1604 4737 1679 4806 styli,

1125 4817 1299 4887 Lirrpnornm
1315 4818 1451 4888 interpres
1466 4820 1623 4887 coriorum,
1644 4823 1827 4892 Jareperr'tus,

1158 4903 1360 4974 Belgarnrnqne
1372 4902 1466 4972 dena,
1481 4905 1567 4975 frona
1584 4906 1659 4976 quod
1677 4915 1776 4980 aperta
1792 4915 1878 4966 notat.

742 5110 771 5179 1)
788 5110 955 5208 Annolsstl
974 5125 1071 5166 munus
1089 5110 1194 5181 syudIci
1213 5112 1368 5168 consistorii
1387 5112 1537 5170 Gmsallani
1555 5114 1637 5184 adiit3
1655 5122 1776 5173 mortuus
1794 5122 1837 5174 est
1855 5116 1985 5175 cassellis
2001 5134 2026 5175 a
2046 5120 2120 5175 1625.

741 5197 772 5352 ἐς
789 5196 1076 5338 ξξὲἑῖεῗίἓεὲιωιιε
1097 5281 1126 5338 iu
1149 5281 1265 5352 collagIo
1289 5282 1444 5354 Adelpbico
1464 5284 1629 5343 Mauritiano
1658 5288 1788 5345 Cassallis
1813 5288 1947 5359 maccpit,
1975 5289 2023 5345 ubi
2047 5291 2162 5345 &1628
2186 5294 2310 5347 moruus
2333 5300 2388 5348 ast.

643 5364 764 5438 Principi
782 5383 800 5423 a
816 5368 927 5424 secretu
944 5375 972 5424 et
990 5384 1008 5424 a
1024 5366 1191 5425 bibliotheca
1207 5368 1308 5441 fuerat,
1328 5371 1486 5441 priusquam
1503 5372 1666 5441 professoris
1683 5390 1780 5431 munus
1795 5374 1824 5431 in
1842 5373 1919 5431 acad
1940 5373 2077 5445 Marburg.
2096 5375 2207 5432 subiret
