5409 7267
484 916 553 990 128

482 1106 626 1174 Praesidi
645 1103 760 1173 loanni
775 1102 933 1172 Friderico
951 1120 992 1172 ac
1012 1103 1083 1171 aliis
1099 1104 1195 1170 stiam
1210 1103 1424 1187 Principibus,
1443 1104 1589 1189 Adolpho
1603 1106 1748 1175 nimirum
1763 1106 1930 1175 llolsntias
1941 1108 2019 1177 Daci
2033 1116 2067 1178 et
2081 1111 2224 1194 Augusto

482 1207 701 1289 Neoburgensi
729 1205 889 1287 Palatino,
925 1221 983 1270 nec
1009 1222 1073 1270 non
1108 1204 1224 1287 inclyto
1251 1204 1368 1270 Bsroni
1395 1204 1508 1272 carolo
1534 1206 1651 1289 longer
1683 1224 1811 1290 operam
1841 1226 1932 1275 suam
1966 1210 2000 1276 in
2028 1211 2225 1279 institutione

482 1308 662 1389 linguarum
676 1307 867 1372 exoticamm
879 1302 1035 1387 probavit.
1058 1302 1198 1369 Tandem
1212 1321 1282 1369 cum
1293 1303 1461 1387 Poppelius
1475 1305 1601 1371 domum
1614 1313 1823 1390 revocaretur,
1844 1307 1896 1375 hic
1908 1309 2036 1392 quida·
2048 1312 2224 1392 Augustam

481 1406 713 1473 vindelicorum
733 1405 899 1480 senonens,
922 1402 1034 1470 Carolo
1048 1403 1193 1485 Fuggero
1214 1403 1344 1485 aliisque
1366 1422 1494 1486 operam
1511 1403 1627 1471 locarit
1645 1406 1678 1471 in
1695 1405 1834 1473 docendo
1850 1425 1949 1474 suam.
1990 1410 2098 1492 Atque
2118 1428 2223 1476 eorum

482 1505 630 1574 subsidiis
650 1503 793 1588 adjutus,
820 1520 915 1588 quum
942 1509 1061 1569 certam
1090 1502 1218 1569 tandem
1244 1520 1351 1568 rerum
1378 1503 1617 1587 studiorumque
1644 1505 1766 1587 sedem,
1794 1506 1849 1572 ubi
1874 1506 2056 1589 religionem
2085 1510 2224 1593 profiteri

482 1607 591 1673 liceret
610 1605 753 1686 liberius,
773 1608 954 1686 quaereret,
976 1602 1170 1668 commodum
1190 1620 1210 1669 a
1230 1601 1380 1669 Mauritio
1400 1602 1492 1669 Hess.
1513 1605 1714 1687 haudgravio
1735 1611 1885 1672 evocatur
1904 1607 2071 1692 Camelhs,
2095 1615 2132 1675 ut
2152 1610 2224 1675 inibi

482 1706 607 1788 linguas
629 1705 758 1770 doceret
779 1703 928 1770 exoticas.
968 1701 1049 1768 Huic
1075 1703 1176 1784 igitur
1203 1702 1358 1768 vocationi
1386 1702 1647 1771 clementissimae
1676 1704 1868 1788 obsequutus
1896 1706 1990 1773 isthic
2016 1709 2074 1775 sub
2103 1710 2224 1775 initium

482 1804 603 1873 thOll
622 1804 697 1871 anni
724 1803 757 1870 in
785 1802 902 1870 illustri
928 1800 1119 1868 Mauritiauo
1134 1802 1162 1884 ¹)
1188 1800 1329 1885 profiteri
1356 1803 1461 1884 coepit
1488 1802 1627 1887 linguas,
1656 1809 1690 1869 et
1716 1822 1799 1870 anno
1828 1806 1969 1889 proximo
1990 1808 2021 1873 X
2041 1808 2131 1874 Junii
2158 1827 2224 1875 cum

483 1903 700 1987 christophori
720 1903 869 1969 Lersneri
891 1898 923 1968 J.
945 1898 979 1967 C.
1000 1905 1033 1967 et
1052 1902 1085 1966 iu
1107 1900 1328 1983 Marpurgensi
1348 1902 1519 1966 Academia
1547 1903 1620 1968 olim
1642 1902 1833 1971 Professoris
1860 1904 1926 1971 filia
1953 1907 2074 1974 solenni
2100 1910 2167 1974 ritu
2195 1911 2225 1975 in

482 2024 556 2072 aree
573 2003 758 2071 Casselbrna
777 2001 906 2085 nuptias
926 2001 1105 2067 celebravit.
1147 2001 1312 2066 Postremo
1333 2002 1375 2066 ad
1397 2001 1571 2067 uberiorem
1595 2004 1684 2085 quasi
1708 2004 1861 2071 culturam
1881 2005 2089 2091 Marpurgum
2108 2011 2225 2075 missus

481 2104 588 2173 XXIV
601 2105 738 2185 Augusti
760 2121 841 2168 anno
855 2099 976 2168 MDCV
990 2101 1133 2166 oratione
1146 2099 1270 2182 publice
1285 2101 1317 2165 in
1332 2100 1413 2166 Laui
1431 2101 1562 2183 collegio
1576 2102 1615 2168 de
1631 2120 1691 2169 sua
1706 2105 1738 2168 in
1756 2103 1838 2171 hanc
1850 2105 2048 2173 Academiam
2062 2110 2226 2175 vocatione

481 2205 607 2287 habita,
638 2204 761 2286 linguas
782 2202 921 2268 exoticas
939 2200 1063 2284 publice
1088 2206 1121 2265 et
1146 2200 1294 2282 privatim
1324 2199 1438 2267 docere
1464 2202 1621 2285 instituit,
1655 2203 1704 2267 uir
1731 2222 1795 2269 non
1824 2204 1925 2271 solum
1950 2208 1999 2272 uti
2019 2207 2149 2290 Ulysses
2176 2208 2226 2273 ille

482 2305 665 2371 Homericus
692 2300 887 2387 πολύμητις,
916 2301 971 2383 qui
997 2298 1106 2363 raom
1133 2298 1252 2363 πάθεν
1278 2294 1393 2380 ἄλγεα,
1420 2299 1476 2365 sed
1503 2302 1598 2365 etiam
1625 2301 1864 2384 notariorum.
1914 2305 1967 2372 sic
1993 2307 2102 2390 itaque
2128 2308 2226 2377 otium

481 2409 611 2485 nactus,
643 2402 730 2484 quod
757 2401 893 2483 negotiis
919 2398 1050 2480 publicis
1080 2403 1245 2480 supererat
1270 2403 1410 2479 tempus,
1443 2398 1475 2464 id
1497 2398 1676 2467 Comoediis
1697 2407 1731 2468 et
1751 2402 1950 2488 Diaiogia2)
1970 2404 2092 2487 aliquot
2111 2408 2226 2489 partim

482 2502 719 2586 componendis,
746 2500 864 2585 partim
889 2497 1048 2565 vertendis
1075 2504 1134 2563 aut
1161 2497 1258 2563 etiam
1285 2497 1489 2564 emendandis
1514 2506 1548 2565 et
1571 2500 1707 2567 Scitolae
1729 2502 1867 2571 Italicae
1892 2506 2054 2572 multoties
2077 2508 2174 2573 uariis
2194 2508 2226 2572 in

481 2603 556 2670 locis
583 2603 688 2668 editae
717 2606 811 2684 atque
840 2599 873 2666 in
903 2599 973 2681 ipsa
999 2596 1094 2662 ltalia
1126 2595 1321 2663 collaudatae
1350 2598 1541 2664 retexendae
1567 2600 1730 2682 impendit.
1780 2603 1898 2682 Quibus
1926 2605 2063 2672 Jacobus
2092 2607 2226 2690 'l'hysius

481 2703 661 2785 asscripsit:

972 2794 1095 2851 Victores
1111 2809 1204 2849 rerum
1221 2793 1351 2860 Domini,
1367 2795 1486 2850 rebrlere
1502 2797 1623 2853 abactis

1002 2881 1095 2937 Gaaaa
1112 2880 1246 2951 superbas
1261 2881 1387 2951 pertidia
1406 2883 1624 2952 quamplurimis.

966 2966 1150 3035 Ponderague
1166 2966 1256 3037 ipaoti
1272 2968 1381 3037 argenti
1393 2967 1523 3037 fulvique
1539 2971 1644 3024 metalli

1004 3053 1126 3109 Tellusce
1146 3051 1276 3121 quicquid
1294 3054 1407 3121 hospita
1426 3053 1523 3109 educat
1537 3057 1608 3110 sinu.

967 3138 1023 3193 His
1038 3138 1101 3191 heae
1118 3154 1148 3191 re
1166 3144 1243 3207 pecta
1260 3136 1371 3192 reduces
1387 3155 1416 3193 se
1434 3139 1573 3195 ostendere
1590 3142 1695 3197 Rornae

1000 3223 1056 3278 Dis
1071 3224 1175 3293 patriis
1190 3228 1325 3292 pratoque
1341 3224 1445 3278 bonon
1461 3227 1607 3295 supplices,

966 3308 1097 3365 Herculia
1117 3307 1156 3364 ad
1170 3314 1278 3378 postem
1295 3309 1374 3363 soliti
1389 3310 1447 3365 aiae
1462 3311 1544 3366 Jooia
1562 3313 1600 3367 ad
1617 3330 1697 3369 arara

1001 3394 1161 3465 spoliamur
1180 3394 1274 3464 opima
1292 3410 1450 3451 sommare
1466 3399 1595 3468 emina.

968 3479 1042 3551 Quid
1061 3486 1091 3535 tu
1108 3482 1189 3535 citare
1206 3495 1280 3535 meos
1296 3482 1369 3535 inter
1383 3498 1454 3552 pars
1467 3484 1563 3553 primo
1581 3485 1698 3553 sodales

1002 3566 1142 3637 Quamam
1159 3565 1219 3620 solo
1237 3566 1364 3635 coeloque
1381 3568 1494 3624 wactas
1512 3570 1641 3640 aridique,

965 3653 1053 3709 Italia
1068 3652 1168 3722 procaci
1184 3651 1320 3707 Herculeo
1337 3652 1439 3709 sudore
1456 3655 1611 3727 redemptas
1636 3647 1644 3668 ⁸

999 3739 1041 3794 Et
1059 3738 1169 3805 Gallia,
1187 3738 1269 3793 lauru
1285 3740 1422 3795 reoiactus
1438 3746 1576 3811 tempora:

966 3822 1116 3879 Sucoedens
1134 3821 1243 3878 &tisim
1261 3824 1370 3879 medem
1387 3826 1455 3881 horre
1463 3827 1569 3895 flathrae
1585 3831 1692 3901 hospes,

1002 3910 1054 3965 Oui
1072 3908 1183 3964 &dicae
1202 3924 1268 3979 opes
1286 3910 1426 3981 triumpho
1444 3913 1625 3983 splendidas?

965 3997 1060 4052 Ausus
1077 4012 1105 4052 ea
1121 3997 1264 4051 Ausoniae
1278 3995 1375 4053 doctas
1388 4007 1535 4069 peratore
1552 4004 1685 4072 tabarnac,

1000 4082 1127 4137 Haurire
1144 4087 1230 4138 totam
1247 4089 1274 4139 et
1291 4084 1489 4154 Hippocrenen
1508 4088 1627 4156 Galliae,

965 4168 1033 4225 Noa
1048 4168 1163 4223 humatae
1181 4184 1314 4239 praetera
1328 4172 1438 4241 Apiaas
1455 4172 1600 4230 Diomedis
1615 4178 1740 4245 bonorea

1003 4253 1079 4325 Qacaa
1095 4254 1194 4325 culpus
1212 4261 1263 4311 aut
1279 4257 1353 4311 inere
1369 4258 1431 4314 biat
1447 4259 1604 4330 cupidinea:

966 4338 1020 4398 aaa
1038 4342 1115 4411 gurr'a
1128 4358 1187 4410 par
1204 4340 1320 4412 Superis
1338 4343 1519 4401 Mithridates
1535 4346 1627 4402 audiit
1644 4348 1719 4414 olim,

1000 4428 1174 4498 Lirtpuarum
1191 4428 1313 4483 amanda
1331 4430 1442 4487 cuilibet
1459 4432 1604 4503 Mysteria

967 4514 1050 4585 Queia
1060 4515 1199 4568 hminum
1210 4529 1264 4582 ouo
1275 4516 1337 4584 qais
1349 4517 1438 4587 asapia
1451 4523 1492 4573 est
1501 4519 1634 4587 multata,
1649 4521 1739 4576 codem

1002 4601 1100 4656 Trahit
1115 4616 1223 4655 recessu
1237 4603 1360 4671 pectoris
1374 4602 1560 4673 prudentiam

965 4686 1103 4757 suscipite
1121 4686 1247 4741 Heroum
1258 4686 1317 4756 fill
1330 4685 1386 4743 duo
1405 4688 1512 4745 lumina
1528 4691 1594 4746 serii

1005 4772 1122 4841 Uterpue
1135 4774 1230 4843 patria
1246 4775 1365 4829 mouisti
1382 4790 1446 4844 spes
1462 4777 1594 4844 mairia,

967 4858 1044 4929 Quas
1054 4858 1170 4914 Dulcis
1182 4859 1277 4915 schola
1290 4858 1341 4915 dat
1352 4858 1445 4916 duieer
1459 4868 1524 4917 ante
1537 4864 1629 4919 omnia
1639 4864 1740 4922 Musas

999 4944 1165 5014 Dulcipue
1182 4945 1259 5001 uobis
1277 4945 1357 5003 dulce
1367 4946 1406 5016 fit
1419 4948 1485 5017 srui
1502 4949 1580 5005 borao.

964 5029 1112 5086 Dulichias
1130 5031 1194 5088 iicet
1206 5032 1249 5086 ire
1265 5033 1339 5100 uias,
1358 5034 1426 5089 baec
1438 5034 1493 5104 fila
1509 5037 1610 5092 smus

1006 5116 1089 5173 Vobis
1105 5118 1158 5173 iter
1172 5118 1280 5190 patebit
1297 5119 1373 5175 orbis
1390 5120 1518 5191 qualibet

583 5264 611 5331 1)
629 5262 671 5317 De
687 5262 851 5318 blauritiano
870 5264 904 5320 ci.
921 5266 1025 5324 Thcod
1043 5267 1188 5340 Hortum,
1214 5270 1259 5327 dic
1276 5271 1428 5329 llofschule
1444 5289 1480 5329 au
1497 5272 1593 5330 curel
1619 5282 1698 5332 anter
1715 5274 1854 5346 Landgraf
1868 5274 1966 5332 hloritz
1984 5275 2046 5332 dam
2064 5275 2220 5333 Gelehrtau.

483 5348 570 5404 blarb.
592 5352 667 5405 1864.
686 5348 826 5419 (Hersield
847 5352 935 5423 1865.)
953 5356 979 5409 8.
999 5370 1027 5423 p.
1046 5357 1079 5410 15
1097 5370 1156 5424 sqq.

581 5434 611 5503 2)
630 5434 792 5491 Comoediae
810 5435 880 5493 duae
897 5439 1045 5496 Eunuchus
1063 5441 1185 5496 Terentii
1201 5442 1229 5496 in
1242 5442 1446 5511 Aethiopissam
1463 5450 1582 5501 mutatus
1599 5452 1627 5500 et
1638 5445 1764 5502 Amintas
1781 5444 1914 5516 Torquati
1932 5446 2011 5503 'i'assi
2028 5463 2091 5504 cum
2101 5448 2221 5519 Dialogis

484 5520 573 5575 insunt
591 5522 618 5574 iu
637 5520 724 5575 altera
743 5522 859 5578 scholae
878 5524 990 5583 Italicae
1008 5534 1100 5599 parte,
1120 5527 1291 5584 l'rancoiurti
1308 5543 1332 5584 a
1353 5533 1419 5585 1605
1436 5530 1552 5600 primum
1571 5530 1676 5601 editae,
1693 5539 1791 5601 postea
1807 5532 1917 5601 saepius
1934 5535 2077 5603 repetitae.
