5409 7267
2157 945 2226 1017 127

482 1131 703 1217 primariorum
716 1128 750 1196 in
766 1127 936 1212 Aquitania
951 1128 1142 1212 Regulorum
1160 1129 1268 1197 liberis
1288 1129 1465 1213 praefectus
1484 1130 1610 1197 eosdem
1629 1128 1787 1197 Lutetiam
1808 1129 1940 1197 adduxit
1952 1131 2151 1216 Parisiorum,
2172 1135 2227 1203 ubi

482 1233 580 1298 etiam
597 1249 636 1297 eo
646 1230 735 1311 degit
748 1247 856 1311 usquc,
877 1227 975 1295 donec
987 1229 1140 1295 Hauricus
1154 1231 1201 1295 111
1216 1248 1322 1296 omnes
1340 1248 1404 1313 eos,
1425 1231 1478 1312 qui
1493 1231 1666 1296 Romanam
1683 1248 1745 1295 non
1759 1230 2022 1312 amplecterentur
2039 1232 2227 1316 religionem,

483 1331 607 1399 Galliac
626 1329 739 1397 linibus
760 1327 908 1395 excedere
925 1328 1099 1410 juberet1).
1148 1328 1226 1394 Tum
1254 1330 1335 1394 enirn
1363 1336 1526 1412 parentum
1549 1348 1643 1395 curae
1665 1329 1782 1395 relictis
1804 1330 1963 1411 discipulis
1984 1332 2018 1396 in
2039 1331 2228 1400 Sabaudiam

480 1448 648 1513 regressus
667 1447 797 1496 suorum
817 1428 945 1494 oonsilio
968 1427 1192 1510 Caspardinam
1216 1428 1378 1495 Chisseam
1401 1430 1491 1495 duxit
1512 1448 1653 1495 uxorem.
1695 1430 1812 1496 Verum
1834 1430 1916 1495 enim
1939 1449 2013 1496 vero
2036 1438 2228 1499 exortanon

480 1530 584 1597 multo
604 1534 679 1611 post
697 1530 730 1595 in
751 1527 908 1595 Sabaudia
928 1526 1026 1609 bello,
1052 1546 1147 1610 quum
1169 1529 1201 1593 in
1223 1529 1346 1610 patriae
1368 1529 1454 1594 urbis
1476 1527 1649 1610 direptione
1676 1530 1728 1595 vix
1755 1529 1932 1596 seminudus
1958 1530 2071 1613 impias
2093 1532 2229 1599 militum

481 1648 594 1697 manus
621 1627 799 1709 effumsset,
827 1627 1034 1710 Noribergam
1061 1627 1218 1709 profectus
1247 1646 1267 1693 a
1295 1627 1522 1710 christophoro
1543 1629 1662 1694 Furaro
1687 1629 1720 1694 in
1750 1628 1944 1710 Hungariam
1970 1630 2012 1695 ad
2034 1630 2228 1697 Buthianum

481 1730 638 1810 mittitur,
666 1734 703 1794 ut
723 1727 779 1793 tilii
798 1745 902 1793 mores
927 1733 960 1793 et
986 1728 1255 1809 peregrinationes
1283 1728 1510 1793 moderaretur.
1555 1727 1616 1794 Sed
1641 1746 1736 1809 quum
1762 1733 1890 1809 propter
1918 1727 2067 1794 Buthiani
2095 1730 2228 1797 senioris

483 1829 605 1897 obitum
625 1845 681 1910 spe
704 1826 885 1908 excidisset,
907 1826 1017 1892 Tursis
1038 1827 1188 1893 fratribus
1209 1827 1362 1909 Ungaria,
1388 1828 1526 1909 itemque
1547 1826 1691 1893 Michaeli
1715 1828 1852 1893 Taulelio
1873 1828 1989 1893 Baroni
2009 1829 2175 1895 Austriaco
2195 1830 2228 1895 iu

483 1927 626 1995 docenda
653 1927 761 2007 lingua
792 1925 913 1992 Gallica
940 1944 1067 2007 operam
1094 1927 1230 1992 navavit.
1282 1927 1364 1991 Exin
1392 1927 1524 1993 loannis
1551 1927 1759 1993 Len'enclavii
1788 1945 1884 2009 opera
1909 1933 1943 1993 et
1971 1928 2100 1994 consilio
2126 1928 2228 1996 tribus

482 2028 660 2096 Beronibus
681 2044 702 2091 a
721 2026 901 2106 Sonnaberg
919 2024 1098 2107 praelectus
1117 2025 1310 2092 Meseritium
1326 2028 1423 2109 petit,
1445 2028 1549 2109 ibique
1571 2045 1668 2108 quum
1690 2029 1755 2093 otio
1777 2027 1955 2093 abundaret
1968 2028 2228 2095 Gundtackerum

484 2132 520 2194 et
546 2126 794 2192 Maximffianum
822 2125 961 2191 Barones
987 2143 1007 2189 a
1029 2125 1243 2192 Lichtensteiu
1271 2144 1341 2192 cum
1370 2126 1600 2193 Tieffenbachio
1630 2132 1663 2193 et
1689 2127 1862 2194 Walsteuio
1891 2128 1925 2192 in
1950 2128 2057 2208 lingua
2090 2129 2229 2194 instituit

483 2223 597 2293 Italica
608 2225 647 2309 ²).
710 2225 754 2291 ht
785 2243 859 2290 uero
895 2243 966 2290 cum
995 2224 1104 2290 stolidi
1142 2230 1175 2291 et
1202 2227 1371 2308 pervicacis
1400 2228 1593 2309 paedagogi,
1629 2228 1683 2309 qui
1702 2227 1921 2309 Sonueberglis
1940 2228 2106 2309 adjunctus
2124 2227 2229 2294 fuerat

484 2326 616 2409 pariter,
637 2324 719 2389 terre
739 2342 802 2389 non
823 2328 931 2404 posset
952 2342 1064 2406 mores,
1085 2324 1186 2390 locum
1207 2327 1344 2392 mutavit
1364 2331 1397 2392 ct
1413 2326 1548 2409 Pragum
1568 2328 1729 2409 protectus
1748 2328 1893 2409 Proregis
1915 2327 2014 2392 filium
2035 2326 2228 2393 Joachimum

484 2425 689 2492 Huldericum
711 2423 751 2489 de
772 2442 853 2488 nona
873 2424 965 2490 domo
987 2425 1124 2506 itemque
1146 2424 1348 2491 Guilielmnm
1364 2426 1584 2508 Sclavatam³)
1606 2427 1696 2492 XXX
1717 2445 1840 2493 menses
1862 2428 1993 2493 exoticis
2013 2427 2113 2508 iisque
2133 2427 2228 2492 variis

483 2525 599 2607 linguis
620 2525 752 2605 erudiit,
783 2524 831 2589 uti
859 2525 954 2589 etiam
982 2525 1142 2591 succisivis
1173 2525 1258 2590 horis
1280 2525 1625 2609 Schnnanberginm⁴),
1658 2527 1817 2609 Graynm,
1846 2525 2067 2592 Hoffmannum
2087 2532 2121 2591 et
2140 2526 2228 2591 Frei-

484 2624 628 2707 bergium
647 2624 789 2689 Barones
816 2640 976 2689 unacum
1004 2624 1170 2689 Theodoro
1192 2623 1279 2690 Sixto
1300 2625 1340 2690 ab
1365 2626 1553 2692 Otteudorff.
1606 2627 1704 2691 Porro
1733 2626 1807 2692 hinc
1834 2626 1992 2693 dimissum
2015 2626 2227 2692 Gothorioam

484 2723 598 2790 Petrus
616 2722 716 2789 Wock
736 2724 871 2790 Ursinus
893 2723 1042 2805 Princeps
1064 2730 1096 2789 et
1117 2725 1366 2805 Rosenbergicae
1387 2725 1495 2791 domus
1522 2726 1717 2807 gubernator
1738 2726 1853 2808 excipit
1875 2744 2006 2807 eumque
2032 2726 2092 2791 sibi
2113 2743 2133 2790 a
2154 2744 2228 2791 con·

484 2823 563 2890 siliis
585 2840 655 2888 esse
670 2822 769 2905 jubet
819 2823 882 2888 Sed
910 2824 992 2888 enim
1018 2842 1113 2904 quum
1139 2830 1268 2906 propter
1288 2824 1393 2891 fidelia
1412 2825 1566 2906 quaedam
1596 2844 1695 2907 eaque
1721 2826 1867 2890 liberiora
1893 2844 2022 2907 prorsus
2043 2824 2171 2890 consilia
2193 2842 2228 2891 se

484 2922 569 3006 apud
590 2920 701 2987 Jovem
721 2921 924 2987 Ratschinum
946 2922 1084 2987 delatum
1107 2923 1331 3002 intellexisset,
1363 2924 1501 3006 eiusdem
1522 2926 1601 2990 iram
1622 2930 1764 2989 metuens
1785 2929 1818 2989 et
1842 2924 1974 3005 fulmen,
2004 2924 2104 2989 solnm
2123 2924 2227 3005 vertit,

484 3027 519 3089 et
538 3021 768 3102 Wittebergam
785 3021 943 3103 profectus
966 3027 1031 3085 tam
1051 3021 1176 3103 publice
1197 3042 1254 3104 pro
1276 3023 1444 3107 cathedra,
1473 3043 1569 3106 quam
1595 3024 1745 3106 privatim
1771 3024 1858 3089 intra
1886 3024 2070 3088 domesticos
2089 3024 2228 3105 parietes

484 3122 622 3204 linguam
644 3120 795 3187 Gallicum
826 3126 860 3186 et
888 3120 1032 3185 Italicam
1060 3139 1123 3185 non
1152 3122 1219 3186 sine
1245 3120 1352 3188 favore
1381 3128 1413 3188 et
1443 3124 1547 3205 gratia
1575 3124 1735 3189 hominum
1765 3124 1858 3188 istius
1883 3124 1943 3188 loci
1971 3123 2228 3203 doctissimorum,

486 3223 622 3302 itemque
643 3219 818 3303 juventutis
841 3220 999 3286 literariae
1023 3220 1178 3302 applausu
1201 3227 1233 3286 et
1260 3222 1470 3288 emolumento
1494 3223 1608 3288 docuit.
1650 3223 1695 3287 Ac
1715 3241 1790 3287 voro
1812 3242 1906 3304 quum
1927 3240 1960 3287 sa
1981 3222 2166 3305 quibusdam
2188 3219 2228 3286 ob

485 3321 644 3403 religionis
665 3319 803 3385 studium
823 3318 969 3385 infestum
991 3326 1135 3385 cerneret
1155 3321 1294 3402 nimium,
1316 3324 1348 3386 in
1368 3322 1513 3403 Angliam
1534 3323 1660 3403 trajecit
1680 3327 1714 3387 et
1733 3323 1927 3403 praelustres
1948 3322 2124 3402 cumprimis
2145 3319 2229 3384 illius

485 3422 546 3488 loci
566 3419 717 3486 foeminas
739 3419 870 3483 Luciam
896 3421 1038 3485 comitem
1067 3420 1107 3484 de
1134 3420 1279 3485 Bethfort
1306 3421 1439 3501 ejusque
1468 3438 1604 3485 sororem
1625 3421 1824 3485 Franciscam
1845 3420 2105 3501 Haringthoniam
2132 3419 2228 3484 variis

485 3524 518 3588 in
539 3521 655 3601 linguis
676 3520 823 3584 institnit.
867 3519 1074 3599 Caeteroquin
1095 3536 1165 3583 cnm
1186 3519 1330 3584 Esseccio
1353 3521 1542 3585 innotuisset
1564 3520 1698 3584 hominis
1720 3519 1876 3585 industria
1897 3519 2026 3601 Comiti,
2055 3519 2095 3582 ab
2118 3518 2228 3584 eodem

485 3621 528 3687 ad
548 3619 670 3686 Scotiae
692 3619 808 3700 Regem
828 3619 979 3696 mittitur,
1008 3617 1166 3699 rebusque
1196 3637 1329 3700 quarum
1357 3620 1524 3701 praecipue
1550 3619 1654 3700 gratia
1676 3624 1822 3700 venerat,
1851 3619 2030 3683 constitutis
2051 3617 2228 3682 Londinum

486 3736 630 3786 reversus
650 3719 807 3784 Zarotinio
829 3718 987 3799 regionem
1006 3721 1099 3782 istam
1120 3718 1326 3799 perlustranti
1347 3737 1475 3801 operam
1495 3719 1626 3785 addixit
1667 3719 1805 3799 Ideoque
1825 3718 1908 3782 hunc
1928 3718 2037 3782 herum
2058 3735 2150 3781 suum
2171 3734 2228 3798 per

485 3820 628 3902 Belgium
649 3820 827 3899 comitatus,
850 3836 945 3898 quum
967 3818 994 3883 is
1015 3817 1188 3883 incredibili
1207 3819 1343 3899 quodam
1363 3819 1486 3901 patriae
1507 3837 1615 3885 amore
1634 3817 1794 3901 flagraret,
1817 3836 1854 3882 ac
1872 3823 2039 3899 propterea
2053 3816 2228 3881 Moraviam

486 3919 646 4002 dispositis
665 3918 737 3983 hinc
757 3918 830 3982 inde
851 3919 940 3999 cquis
966 3923 1142 3999 repeteret,
1176 3918 1307 3984 eundem
1335 3937 1404 3985 cum
1432 3919 1551 4001 reliqua
1576 3918 1708 4000 familia,
1738 3919 1827 4000 cujus
1851 3917 1960 3999 iussus
1986 3916 2089 3980 luerat
2118 3933 2227 3997 gerere

487 4037 608 4099 curam,
639 4018 847 4099 subsequitur.
906 4015 968 4082 Sed
996 4017 1078 4082 enim
1107 4035 1201 4098 quum
1234 4019 1501 4084 animadverteret
1532 4037 1566 4083 se
1599 4018 1639 4082 ad
1664 4017 1816 4100 juveniles
1843 4017 1910 4081 heri
1935 4018 2069 4097 impetus
2098 4018 2228 4097 propter

485 4118 626 4201 corporis
648 4117 762 4182 molem
787 4121 820 4181 et
840 4121 977 4180 aetatem
1003 4117 1268 4197 ingravescentem
1297 4136 1361 4182 non
1389 4119 1519 4199 pen'nde
1547 4118 1614 4182 lore
1642 4117 1890 4197 accommodum,
1928 4116 2106 4180 dimissione
2131 4132 2228 4195 aegre

485 4218 654 4301 impetrata
684 4216 806 4280 Davide
825 4215 992 4297 Ungnadio
1022 4234 1125 4280 rerum
1155 4216 1336 4281 bellicarum
1371 4218 1403 4281 in
1422 4218 1565 4299 Ungaria
1591 4218 1737 4298 praeside
1765 4217 1898 4282 authore
1926 4215 2065 4280 Ladislai
2085 4213 2227 4296 Poppelii

486 4323 519 4383 et
548 4316 656 4383 Caroli
684 4334 704 4380 a
731 4316 940 4397 Wartcnberg
973 4314 1053 4380 filios
1080 4316 1221 4382 Barones
1254 4316 1430 4399 Tubingam
1465 4318 1617 4383 adductos
1652 4317 1683 4382 in
1714 4317 1876 4383 Illustriss.
1910 4314 2227 4395 Wirtenbergensium

486 4416 668 4498 Principum
695 4414 827 4497 collegio
855 4415 1059 4480 historiarum
1089 4421 1122 4481 et
1147 4416 1327 4498 linguarum
1355 4418 1532 4500 cognitione
1561 4417 1690 4499 imbuit,
1729 4416 1884 4497 simulque
1909 4414 2071 4481 Illustriss.
2098 4412 2227 4493 Collegit

588 4696 730 4765 1)1)ulcis
752 4696 812 4764 ipse
835 4695 853 4749 l.
878 4695 896 4750 l.
922 4696 990 4751 haec
1019 4696 1111 4751 affert:
1145 4697 1313 4767 Magnitudo
1336 4699 1457 4769 perterrti
1477 4699 1561 4767 fecit,
1594 4704 1627 4753 at
1652 4698 1819 4754 Gallicanus
1848 4697 1996 4750 Biennium
2021 4695 2228 4763 Brioniumque,

488 4784 621 4841 dalocum
645 4788 670 4836 et
687 4782 836 4836 Dominum
859 4782 892 4835 de
916 4783 944 4835 la
967 4782 1079 4838 Claustra
1104 4786 1163 4853 (qui
1187 4800 1278 4841 ornaes
1294 4786 1448 4855 plurimum
1472 4785 1550 4856 opud
1574 4785 1674 4855 Repem
1693 4789 1837 4855 poterant,
1864 4789 1890 4836 et
1913 4782 2068 4835 arctissimo
2089 4780 2228 4849 affinitate

486 4888 552 4927 areos
570 4868 706 4925 Dum-ieros
725 4869 905 4937 ottinpebont)
931 4868 1034 4935 odiret,
1060 4887 1093 4925 oc
1117 4872 1241 4939 ipsorum
1260 4872 1378 4926 concilia
1398 4889 1453 4941 pro
1476 4872 1566 4926 solute
1588 4887 1701 4926 suoram
1724 4868 1896 4923 dominorum
1919 4873 2070 4936 expeteret,
2097 4866 2145 4919 sed
2167 4883 2227 4921 eum

484 4964 603 5029 propter
615 4970 723 5010 socrum
735 4954 812 5008 illum
828 4954 968 5023 lipuadorn
984 4956 1075 5026 lipom,
1092 4973 1140 5010 seu
1153 4958 1272 5011 omnium
1291 4964 1387 5012 eontra
1401 4958 1566 5027 Hupmrotos
1584 4957 1800 5025 conjurationem
1818 4957 1888 5025 ipsis
1906 4971 1961 5007 non
1979 4954 2048 5007 satis
2067 4952 2227 5007 medendum

483 5049 606 5114 putaret,
624 5041 685 5095 Deo
696 5041 812 5095 meliora
829 5043 946 5095 consiliu
961 5049 1125 5111 suppetente,
1141 5044 1304 5112 parentibus
1315 5044 1403 5113 filios,
1420 5059 1487 5099 cuce
1496 5043 1567 5112 fidei
1579 5042 1735 5097 concredito
1748 5042 1951 5113 pretiosissimo
1963 5041 2087 5111 piperum
2098 5037 2226 5094 reddidit.

486 5130 529 5185 Et
545 5128 599 5184 arbi
617 5128 675 5197 ipsi
694 5134 825 5193 metuens,
843 5127 927 5198 quod
950 5129 1010 5197 ipse
1031 5130 1233 5182 Moresclrullus
1251 5130 1386 5184 Bironr'ees
1409 5132 1500 5184 senior
1521 5128 1559 5184 od
1579 5129 1724 5184 Collatini
1746 5127 1871 5182 dominos
1891 5126 1980 5180 dicere
2001 5126 2110 5190 soleret,
2137 5125 2226 5179 Deum

486 5231 543 5271 raon
561 5214 681 5283 amplius
700 5229 756 5268 esse
777 5213 980 5282 Hreporrottum,
1008 5213 1056 5267 aed
1082 5215 1162 5279 nelle,
1187 5222 1219 5268 ot
1242 5232 1333 5270 omnes
1357 5216 1395 5270 od
1416 5218 1535 5272 datiarum
1554 5215 1790 5284 compellerentur,
1820 5216 1850 5268 in
1867 5212 2036 5269 Soboudiom
2053 5213 2168 5276 revenit,
2193 5228 2226 5265 ne

487 5303 639 5357 Parentum
658 5316 744 5353 suasu
765 5298 967 5368 Cospardinom
984 5316 1018 5354 ea
1036 5301 1207 5354 nobilissima
1224 5302 1257 5355 de
1278 5302 1372 5358 &nisse
1385 5304 1502 5373 familia
1519 5318 1634 5358 exorere
1650 5301 1739 5356 duait.

587 5386 617 5454 2)
636 5384 712 5450 Quae
731 5386 820 5439 verbis
838 5385 928 5454 abique
945 5417 979 5425 -
997 5386 1099 5440 Italico
1116 5385 1171 5440 Dil.
1191 5394 1295 5457 narrat,
1319 5405 1373 5444 non
1392 5397 1499 5445 exstant
1517 5390 1545 5444 in
1562 5389 1617 5444 nita
1635 5388 1670 5444 ab
1686 5388 1746 5456 ipso
1764 5386 1840 5441 Cath.
1861 5385 1941 5439 Duloi
1959 5383 2120 5451 conscripta

586 5473 614 5539 3)
633 5471 678 5525 Sic
694 5472 766 5539 llil.;
784 5472 880 5525 Dulcis
898 5472 957 5539 ipse
976 5472 1128 5527 Sluuotam.

584 5560 614 5626 4)
633 5558 678 5612 Sic
695 5557 764 5624 Dil.;
785 5558 879 5613 Dulcis
899 5560 1149 5629 Selrwumbcrpium.
