5409 7267
2105 893 2151 961 31

406 1075 448 1140 [u
469 1074 575 1158 Epist.
597 1076 641 1141 D.
662 1076 763 1142 Pauli
782 1078 826 1142 ad
849 1078 1051 1157 Timotheum,
1078 1078 1193 1157 Titum,
1213 1077 1429 1143 Philemonem
1445 1078 1473 1159 ¹)
1502 1084 1532 1144 et
1551 1078 1597 1143 D.
1620 1078 1729 1145 Jadac
1753 1078 1980 1162 commentarii
2000 1081 2034 1145 in
2055 1079 2155 1147 iucem

406 1174 552 1257 prodiere
574 1193 671 1256 opera
693 1175 825 1241 loannis
845 1176 942 1258 Mylii.
985 1178 1023 1242 In
1043 1177 1188 1242 Andreae
1210 1178 1312 1243 nostri
1332 1175 1466 1258 effigiem
1488 1175 1566 1242 hsec
1588 1176 1711 1244 addidit
1731 1177 1876 1259 Pogonus

890 1284 1002 1338 Ancora
1018 1298 1100 1338 sacra
1113 1283 1160 1352 pii
1176 1288 1331 1352 pastorque
1342 1280 1440 1351 fidelis
1457 1281 1539 1338 ordis

925 1368 1078 1440 Hyperiue,
1096 1368 1191 1423 tabula
1207 1367 1348 1423 omnuim
1365 1383 1424 1424 ecce
1439 1368 1521 1423 brevi.

892 1453 996 1509 Ctorta
1014 1454 1092 1523 capit
1101 1452 1213 1522 socios,
1232 1452 1280 1509 sed
1297 1459 1391 1509 castae
1408 1469 1523 1509 manera
1539 1454 1637 1507 stertis

923 1541 1008 1595 Aetas
1023 1540 1053 1594 ia
1071 1545 1149 1594 taum
1166 1555 1223 1595 aon
1240 1542 1318 1611 capit
1335 1556 1393 1595 mro
1411 1542 1480 1596 viro.

891 1626 966 1680 Nam
984 1625 1046 1680 ticet
1063 1626 1191 1681 mneritas
1203 1624 1266 1693 jam
1281 1633 1347 1697 post
1361 1626 1488 1695 fastidia
1505 1628 1581 1682 vitae

924 1711 1055 1765 Dormiat
1070 1712 1100 1767 in
1115 1713 1219 1781 prernio
1239 1711 1345 1768 Christe
1364 1713 1477 1784 tenipus
1495 1719 1556 1767 tuo:

892 1797 959 1852 Non
977 1803 1066 1852 tomen
1086 1799 1201 1853 retincti
1220 1800 1352 1854 morietur
1366 1800 1450 1868 sama
1466 1814 1519 1869 per
1538 1800 1635 1867 orbern,

933 1883 1034 1939 Vivida
1047 1890 1185 1954 perpetuo
1205 1886 1253 1953 pai
1271 1892 1445 1941 monomenta
1464 1885 1539 1941 colit.

406 1970 442 2034 In
467 1969 648 2033 defunctum
672 1976 777 2033 autem
800 1969 912 2034 Iustus
935 1969 1080 2052 Vultejus

892 2069 958 2123 Heu
972 2075 1056 2139 pater
1074 2075 1101 2123 et
1118 2085 1215 2124 carmes
1232 2070 1344 2139 sapiens
1363 2071 1464 2140 aaripa
1478 2072 1592 2140 piorum

932 2155 969 2210 Ut
984 2156 1062 2211 soliti
1078 2171 1173 2211 scasas
1191 2171 1292 2225 corpas
1310 2157 1392 2212 inane
1403 2156 1502 2225 jaces?

895 2241 998 2295 Obvius
1015 2243 1056 2295 ire
1072 2241 1154 2296 malis
1165 2241 1253 2309 fimaa
1269 2244 1379 2297 ratione
1393 2242 1527 2312 paradas,

928 2328 1069 2395 Falsaque
1084 2328 1222 2381 constanti
1238 2329 1354 2382 crimina
1371 2334 1458 2383 memte
1471 2329 1544 2398 pati.

895 2413 961 2467 Gom
979 2418 1004 2467 te
1022 2413 1152 2467 colluvies
1168 2421 1282 2468 vexaret
1299 2415 1397 2469 acerba
1418 2414 1562 2478 maloram,

927 2499 1031 2552 Fecisti
1045 2496 1156 2552 dotrina
1173 2496 1270 2554 sedala
1287 2505 1353 2555 vota
1372 2505 1427 2554 tuo.

894 2585 976 2640 Nunc
991 2586 1112 2650 evasisti,
1129 2601 1201 2640 manc
1220 2586 1288 2640 liber
1306 2586 1341 2639 ab
1361 2588 1558 2643 mammillis

928 2669 1075 2736 (Insideat,
1094 2671 1120 2725 si
1137 2671 1182 2725 cui
1199 2669 1338 2740 displicet)
1356 2679 1436 2728 astra
1454 2679 1534 2729 tenes.

896 2756 1051 2824 Yerrrpestas
1069 2754 1162 2811 cador
1178 2763 1291 2812 nostrae
1307 2758 1449 2814 mittenda
1464 2761 1583 2825 somnae,

928 2840 980 2895 Sed
995 2841 1073 2895 Deus
1090 2843 1121 2919 ia
1137 2841 1226 2897 medio
1244 2844 1353 2913 parpite
1370 2846 1459 2901 mittet
1476 2860 1561 2915 opem.

894 2927 916 2981 0
937 2933 962 2981 te
978 2932 1115 2996 perpetua
1132 2929 1269 2982 coeloram
1285 2935 1358 2984 sorte
1375 2930 1490 2996 beatam,

927 3012 1000 3077 Non,
1020 3013 1071 3066 tadi
1087 3028 1141 3082 qvo
1161 3020 1265 3079 noceat,
1275 3014 1337 3081 pam
1351 3021 1417 3070 treas
1433 3017 1521 3071 tostis
1538 3016 1625 3071 tradet.

892 3098 1056 3152 Coelicolum
1076 3097 1176 3165 tejam
1192 3100 1306 3168 scripsit
1323 3099 1490 3169 Respublica
1507 3102 1591 3156 ciomu

926 3183 1004 3237 Haec
1022 3182 1115 3237 eadem
1132 3185 1223 3238 nostri
1240 3190 1311 3239 meta
1329 3185 1433 3241 laboris
1448 3187 1507 3241 erit

891 3270 953 3324 Nos
969 3270 1092 3339 praviter
1107 3271 1239 3339 pemimas
1257 3271 1332 3325 vocis
1344 3269 1474 3339 facunda
1491 3270 1611 3326 dismtae

924 3355 1065 3421 Flamina,
1082 3370 1134 3409 reos
1154 3355 1291 3425 tmrpnas
1308 3357 1339 3411 in
1357 3362 1406 3411 tua
1423 3358 1503 3412 basta
1521 3356 1627 3411 damas.

891 3439 958 3492 Cum
975 3440 1095 3493 venitin
1113 3446 1238 3505 merten,
1255 3456 1310 3509 pao
1328 3442 1367 3495 sit
1383 3442 1494 3495 doctore
1511 3441 1665 3506 carendum,

925 3524 990 3577 Herc
1007 3523 1083 3577 dicta
1099 3525 1214 3592 pravius
1228 3525 1389 3595 planpr‘mas
1407 3531 1433 3579 et
1448 3528 1586 3595 pessimas.

889 3610 1029 3677 dispater
1046 3615 1073 3662 et
1089 3624 1188 3662 earnes
1205 3610 1316 3677 sapiens
1334 3611 1435 3679 aartpa
1446 3612 1560 3679 piorum

928 3694 965 3748 Ut
981 3694 1058 3748 soliti
1076 3709 1171 3748 sessus
1189 3710 1290 3764 corpas
1307 3696 1390 3748 inane
1402 3695 1504 3760 jaces?

890 3877 952 3932 Hoc
970 3877 1078 3945 tepitur,
1095 3876 1211 3947 placido
1228 3877 1353 3933 stellatas
1369 3885 1467 3943 morte,
1486 3879 1631 3947 sepulchro

924 3962 1075 4031 Hypo-rias,
1087 3962 1154 4030 sato
1168 3962 1231 4029 p'om
1247 3964 1358 4019 meliore
1370 3964 1477 4033 from.

893 4048 1015 4102 Transiit
1030 4063 1044 4101 e
1060 4049 1131 4102 oior's
1148 4047 1186 4102 ad
1203 4063 1269 4104 vcra
1283 4049 1397 4118 palatia
1414 4052 1487 4104 vitae

925 4134 1060 4203 Qrcmnpae
1076 4132 1126 4188 dia
1143 4134 1244 4200 docuit,
1258 4134 1320 4202 jam
1337 4134 1413 4189 videt
1430 4137 1489 4204 ipsc
1506 4134 1604 4190 Deum.

890 4218 997 4288 Corpus
1014 4220 1090 4273 domi
1101 4220 1200 4286 moles,
1210 4221 1332 4275 animam
1350 4221 1403 4275 sibi
1420 4220 1664 4280 omdicataetlrcr:

924 4304 1034 4374 Scripta
1048 4306 1116 4375 piae
1132 4321 1231 4360 mrcnas
1246 4308 1422 4376 posteritatis
1437 4313 1523 4361 merit.

1063 4564 1285 4647 wigandus
1315 4565 1485 4632 Orthius

1182 4696 1367 4753 Wettemnus.

526 4848 586 4913 Hic
607 4865 675 4913 cum
697 4847 842 4913 abdicata
863 4847 904 4912 ab
932 4847 1102 4929 Heppelio,
1133 4848 1189 4932 qui
1209 4848 1251 4913 sd
1270 4848 1510 4914 Institutionum
1531 4844 1755 4929 professionem
1777 4846 1960 4928 transierat,
1986 4847 2148 4931 provincis

401 4947 517 5029 publici
537 4947 675 5012 muneris
697 4953 835 5028 purtem,
861 4964 942 5027 quae
970 4947 1002 5011 in
1023 4946 1165 5012 docenda
1185 4946 1294 5028 lingue
1315 4945 1413 5013 Sacra
1435 4950 1595 5029 spectetur
1615 4944 1799 5028 praecipue,
1825 4962 1909 5010 snno
1930 4944 2051 5012 MDLX
2071 4946 2147 5013 vtti-

401 5047 502 5128 gisset
523 5047 658 5113 secundo
679 5046 824 5112 Octobris
853 5044 904 5111 die
932 5044 971 5110 de
1001 5044 1139 5126 ejusdem
1167 5044 1322 5127 dignitate
1341 5046 1517 5111 orationem
1537 5043 1650 5109 hebuit
1671 5048 1705 5109 et
1725 5044 1895 5127 propositis
1916 5045 2073 5127 thesibus,
2099 5045 2148 5111 uti

401 5146 497 5211 moris
517 5150 582 5227 est,
608 5147 749 5228 proximo
782 5162 863 5211 enno
883 5144 961 5210 XIII
986 5144 1075 5209 Iunii
1099 5162 1158 5227 pro
1186 5162 1306 5212 summo
1333 5146 1368 5212 in
1391 5144 1563 5228 Theologis
1593 5142 1696 5226 gradu
1724 5144 1940 5226 consequendo
1963 5144 2146 5211 eruditionIs

402 5245 559 5327 specimen
580 5242 704 5327 publice
723 5243 831 5309 edidit.
874 5245 918 5310 At
937 5244 1070 5325 primurn
1091 5242 1225 5310 triennIo
1246 5248 1320 5327 post
1339 5244 1373 5309 in
1395 5244 1514 5327 Ephori
1529 5244 1629 5310 locum
1649 5240 1797 5310 suffectus
1818 5250 1851 5308 et
1869 5245 1954 5310 inter
1969 5243 2147 5327 Theologos

401 5345 556 5427 ascriptus
581 5363 643 5411 uua
663 5362 733 5409 cum
757 5344 906 5409 Lonioero
927 5348 961 5407 et
982 5342 1118 5410 Henrico
1138 5342 1266 5409 Victore
1294 5342 1423 5410 honoris
1444 5343 1542 5426 ipsius
1563 5343 1646 5425 cepit
1667 5342 1820 5423 Insignis,
1850 5342 1903 5423 qui
1921 5347 2027 5409 tumen
2048 5343 2146 5409 honor

506 5559 530 5624 l)
551 5557 615 5611 Cod.
635 5558 828 5612 Philomenem.
