5409 7267
962 1134 1034 1190 Ecce
1050 1134 1139 1191 brevis
1154 1136 1248 1207 maqni
1264 1136 1384 1193 tumulus
1402 1138 1469 1208 teqit
1486 1153 1551 1193 ossa
1564 1143 1665 1209 poitoe

997 1221 1122 1292 Papani,
1140 1222 1219 1291 mlius
1236 1239 1334 1279 nomen
1350 1225 1381 1279 in
1398 1225 1462 1280 orbe
1479 1226 1559 1296 oiqet

962 1307 1047 1362 Hunc
1069 1308 1220 1378 Wonsrida
1240 1308 1317 1366 dedit
1333 1311 1428 1379 nobis;
1449 1313 1587 1383 liehmeqo
1600 1313 1736 1385 pusillum

996 1393 1127 1450 Enutriit
1142 1394 1244 1451 studiis
1260 1397 1435 1467 instituitque
1451 1398 1537 1454 tonis.

962 1479 1035 1535 Post
1050 1479 1186 1536 desidem
1202 1488 1295 1553 pentes
1311 1489 1344 1539 ut
1361 1483 1454 1539 adiret
1471 1491 1498 1540 et
1513 1486 1594 1541 urbes

995 1566 1152 1634 Externos,
1172 1568 1282 1639 lowum
1299 1571 1418 1640 corripit
1434 1572 1508 1626 acris
1527 1573 1587 1627 iter.

964 1651 1041 1707 Hinc
1056 1653 1160 1724 Belqas
1177 1653 1216 1709 ad
1234 1655 1288 1710 iter
1303 1656 1422 1726 rapidus
1437 1674 1520 1727 quom
1536 1658 1663 1728 &mono
1679 1658 1776 1714 lambit

1005 1738 1103 1794 Urbem
1124 1738 1259 1811 Campani
1277 1744 1379 1798 manat
1395 1742 1435 1797 ad
1452 1759 1522 1799 areo
1538 1746 1600 1800 soli.

961 1823 1036 1879 istro
1054 1824 1186 1896 delapsis
1199 1843 1341 1898 puqnaeee
1354 1832 1429 1885 emit
1444 1829 1484 1884 ad
1500 1830 1620 1887 Asestros

997 1911 1055 1968 Hic
1072 1913 1120 1967 ubi
1140 1914 1292 1969 laureolam
1310 1916 1388 1971 clara
1412 1917 1518 1973 Vienna
1536 1917 1653 1988 dedit¹)

962 1998 999 2053 In
1012 1999 1139 2069 patriam
1158 1999 1266 2056 rediens
1283 2019 1389 2057 summa
1407 2019 1468 2058 cerm
1484 2003 1566 2059 laude
1579 2005 1679 2074 poisin

997 2085 1195 2157 Bistoniasque
1211 2087 1294 2142 mmul
1313 2088 1420 2145 Martis
1436 2090 1467 2144 in
1484 2090 1551 2144 urbe
1569 2090 1653 2146 docet.

963 2170 1143 2241 Principibus
1161 2172 1275 2227 clunem
1292 2174 1380 2229 coluit
1396 2175 1523 2231 studioso
1534 2176 1673 2245 mmmm-s,

998 2256 1135 2329 Oolleqam
1153 2258 1227 2313 docti
1243 2260 1452 2331 aspiciuntque
1469 2262 1531 2316 oiri.

962 2344 1051 2414 Asper
1067 2345 1093 2399 it
1106 2345 1138 2399 in
1150 2345 1289 2414 patriam,
1307 2348 1463 2416 consumpti
1483 2348 1544 2403 tote
1559 2348 1682 2419 nolimu

997 2429 1044 2485 At
1060 2430 1136 2485 sedes
1153 2431 1256 2501 miqrat
1272 2432 1391 2501 spiritus
1407 2434 1556 2489 astismos.

962 2517 1040 2573 Hinc
1058 2516 1179 2588 lapidem
1196 2534 1326 2573 metueres
1341 2524 1449 2589 patruo
1461 2536 1580 2589 posuere
1597 2529 1717 2593 nepotes,

998 2604 1054 2674 Qui
1071 2604 1150 2674 leqit‚
1167 2610 1199 2659 ut
1217 2604 1304 2671 dicat,
1322 2605 1397 2659 clare
1410 2612 1498 2676 poeta
1514 2608 1582 2662 eale.

479 2700 622 2784 Nigidius
644 2705 750 2767 autem
770 2701 919 2784 ejusmodi
940 2699 1076 2785 epicedio
1096 2702 1308 2780 prosequutus
1328 2703 1378 2765 ost
1399 2698 1579 2768 defunctum

962 2799 1106 2855 Pieridum
1120 2797 1216 2868 proles
1234 2797 1369 2868 Paqanus
1383 2799 1500 2869 pulpita
1520 2802 1622 2858 Petrus

997 2884 1115 2941 Oruaoit
1130 2889 1243 2940 nostroe
1258 2886 1371 2954 saepius
1389 2885 1449 2941 altu
1466 2887 1582 2943 uiolae.

961 2971 1107 3028 Historias
1124 2969 1219 3026 docuit
1232 2971 1343 3039 pariter
1362 2987 1522 3042 socrumque
1537 2975 1637 3044 poesin

995 3058 1138 3127 Interpres
1150 3062 1314 3126 praestans,
1332 3072 1380 3111 ore
1395 3057 1515 3114 domno
1531 3061 1620 3116 norw.

959 3144 1047 3199 Itium
1066 3142 1219 3199 Castalidee
1236 3149 1326 3197 voum
1343 3142 1459 3199 domem
1476 3161 1586 3203 sorores

994 3229 1106 3300 Artifici
1122 3228 1233 3286 doctum
1241 3230 1347 3299 finqere
1364 3246 1473 3287 cannen
1490 3248 1551 3288 ocu.

967 3318 1023 3371 Vix
1041 3317 1148 3371 calamo
1167 3321 1279 3383 arrepto
1297 3316 1398 3371 multos
1416 3333 1452 3371 ese
1470 3324 1590 3389 tenpore
1606 3337 1701 3376 uersus

996 3402 1079 3471 [Quis
1096 3417 1152 3454 non
1170 3402 1284 3454 miretur
1291 3399 1318 3470 i]
1334 3401 1438 3470 fautor
1454 3405 1559 3472 Apollo
1574 3404 1666 3460 dabat

960 3486 997 3540 ld
1015 3500 1078 3539 vero
1095 3486 1209 3551 mirum,
1225 3487 1338 3539 menori
1354 3486 1430 3555 quod
1445 3495 1533 3544 mente
1550 3496 1669 3546 retortas

994 3571 1065 3625 Post
1078 3569 1233 3637 interiectos
1249 3569 1375 3625 redderet
1391 3572 1438 3626 ille
1453 3572 1519 3629 dies.

959 3656 996 3711 In
1011 3654 1103 3712 media
1119 3654 1217 3711 cecidit
1229 3656 1334 3726 florens
1351 3663 1442 3711 aetate
1455 3659 1567 3728 fuitque

996 3743 1149 3798 Larsicoloe
1165 3743 1258 3798 siveris
1274 3743 1368 3814 pluria
1383 3760 1485 3815 maqna
1501 3746 1617 3802 scholae.

959 3830 1002 3886 Et
1018 3845 1084 3885 sane
1102 3845 1175 3884 eona
1191 3829 1291 3900 diprius
1303 3830 1366 3899 suit
1382 3831 1429 3886 ille
1444 3838 1560 3900 smmta,

959 3973 966 3994 ‚
997 3916 1149 3985 Lonqaque
1167 3914 1286 3971 Nelidae
1301 3918 1392 3972 meere
1407 3918 1481 3974 secla
1497 3921 1576 3975 senis.

962 4002 1038 4058 Fato
1054 4008 1230 4069 remmarumt,
1249 4003 1346 4073 quom
1365 4010 1406 4059 est
1417 4021 1521 4075 parere
1537 4022 1650 4074 neeesse,

997 4088 1091 4143 Simus
1107 4095 1159 4144 ant
1174 4089 1256 4144 citium
1271 4104 1346 4144 mors
1363 4106 1417 4145 sua
1431 4107 1562 4162 quemque
1577 4100 1675 4149 mom.

960 4177 1142 4231 unmommm
1160 4175 1262 4231 obitum
1278 4182 1398 4231 moestus
1413 4176 1523 4246 defleuit
1537 4179 1649 4249 Apollo,
1761 4239 1768 4256 x

994 4262 1146 4317 ulmenam
1164 4260 1289 4317 Clsaritm
1307 4262 1485 4332 Pieridesque
1501 4265 1586 4321 Deae.

964 4348 1159 4420 Quadroqinta
1175 4350 1257 4404 omnis
1272 4349 1314 4404 bis
1331 4350 1443 4420 binos¹)
1461 4350 1533 4406 adde
1549 4352 1672 4424 duosque

994 4436 1104 4491 Merum
1122 4452 1155 4491 ac
1173 4435 1282 4491 tandem
1300 4443 1420 4506 quotuor
1436 4437 1500 4493 inde
1517 4438 1589 4495 dies:

959 4523 1001 4578 Et
1018 4523 1069 4577 titi
1086 4522 1262 4590 caristolum,
1284 4539 1354 4592 quoe
1371 4525 1445 4579 vicit
1462 4531 1602 4597 tempora,
1619 4528 1711 4585 Petro.

994 4609 1120 4665 Numina
1137 4609 1255 4679 Poqono
1273 4625 1342 4680 quoe
1361 4609 1479 4667 intuere
1492 4614 1552 4683 pio.

960 4695 1108 4751 Lustreoit
1119 4694 1231 4763 iuuenis
1250 4695 1381 4751 Germani
1399 4696 1527 4753 Caesaris
1546 4714 1619 4767 oras,

992 4782 1034 4837 Et
1049 4781 1122 4836 vidit
1136 4797 1225 4837 mores
1242 4781 1319 4837 Itala
1334 4789 1409 4837 terra
1428 4790 1497 4839 tuos.

958 4868 1030 4923 Post
1045 4868 1145 4939 crepido
1161 4869 1258 4924 inrisit
1274 4869 1428 4925 Musarum·
1440 4876 1544 4939 cosma,
1568 4871 1706 4940 Viennae,

994 4954 1071 5025 Quae
1088 4954 1169 5010 lauro
1186 4955 1276 5010 cineit
1293 4960 1418 5025 terpora
1433 4955 1516 5012 docta
1532 4958 1595 5012 oiri

958 5040 1053 5096 Notius
1069 5042 1100 5095 in
1116 5042 1187 5096 none
1207 5041 1292 5096 luceru
1311 5040 1453 5097 dottorum
1470 5044 1607 5100 montibus
1625 5051 1715 5101 ortum

990 5127 1098 5193 Ducit,
1115 5133 1143 5182 et
1159 5126 1198 5182 ad
1221 5127 1346 5182 Werram
1364 5130 1453 5199 oaqiit
1468 5130 1516 5185 ille
1530 5146 1609 5201 puer.

957 5212 1732 5287 Etnonnaqnoquidnnestfelieli'onsridmsedum

992 5299 1139 5355 Praeclori
1154 5302 1229 5357 eatis
1245 5302 1364 5357 memma
1378 5304 1489 5373 sepulto
1503 5306 1575 5375 teqie

958 5384 1049 5441 Ponto
1065 5387 1143 5443 oolot
1159 5387 1269 5444 celebris
1288 5394 1375 5444 tonum
1392 5389 1520 5461 dispersa
1533 5406 1586 5463 per
1601 5393 1698 5459 orbem

991 5472 1104 5529 Rhenus
1118 5474 1149 5529 in
1165 5488 1317 5544 aequoreas
1334 5474 1400 5532 mne
1415 5476 1496 5534 mom
1513 5477 1586 5534 udus
1599 5494 1694 5548 aquae.

575 5577 603 5644 l)
622 5575 713 5645 Imago
732 5577 843 5646 Pegasi.
893 5579 923 5647 2)
941 5577 1005 5634 Coi.
1024 5578 1102 5635 bissis
