5409 7267
612 956 658 1030 24

612 1145 728 1226 equitis
759 1142 861 1206 aurati
891 1140 1044 1221 dignitate
1073 1144 1184 1204 auctus
1214 1138 1327 1203 iuerat.
1378 1139 1517 1219 Ideoque
1545 1157 1614 1203 cunr
1642 1140 1692 1205 vel
1712 1140 1771 1204 hae
1800 1138 1939 1220 inprimis
1965 1144 2052 1203 sorte
2073 1144 2106 1202 at
2128 1136 2285 1203 natalibus
2305 1157 2360 1203 ex-

614 1243 763 1309 cellerent
785 1245 942 1321 parentes,
963 1238 1067 1302 omnia
1090 1256 1209 1302 summa
1230 1237 1386 1316 iecerunt,
1415 1242 1468 1317 ut,
1488 1238 1740 1320 quandoquidem
1760 1238 1823 1303 acri
1847 1238 1926 1302 satis
1947 1236 2071 1318 ingenio
2094 1254 2162 1301 csse
2183 1235 2360 1318 uidebahrr,

610 1342 794 1408 educatione
821 1338 1023 1419 doctrinaque
1050 1337 1163 1418 puerili
1190 1336 1362 1406 liberaliter
1391 1337 1624 1416 institueretur,
1660 1355 1758 1418 eaque
1789 1337 1828 1401 de
1864 1354 1977 1401 caussa
2006 1335 2201 1401 Dauentriae
2225 1336 2360 1417 primum

611 1439 789 1506 Menandro
811 1437 913 1517 Hegio
945 1440 978 1500 et
999 1435 1116 1500 loanni
1138 1435 1349 1515 Ostendorpio
1371 1436 1507 1500 traditus
1531 1441 1595 1515 est,
1621 1436 1673 1517 qui
1701 1454 1834 1517 puerum
1854 1436 1895 1499 ad
1923 1434 2119 1500 honestatam
2140 1439 2173 1500 et
2195 1435 2360 1500 literarum

610 1541 716 1607 studia
737 1537 917 1602 tenuerent.
960 1534 1167 1598 Postmodum
1187 1534 1219 1598 in
1236 1534 1472 1614 Lemniensem,
1493 1552 1555 1615 qua
1577 1534 1777 1600 celebriorem
1794 1540 1860 1599 tum
1880 1534 2033 1615 temporis
2051 1533 2220 1599 Germania
2235 1533 2360 1599 videbat

611 1639 749 1717 nullam,
776 1633 1003 1717 philosophiam
1026 1651 1089 1698 non
1119 1632 1227 1697 didicit
1256 1633 1367 1714 modo,
1394 1650 1501 1697 verum
1529 1638 1562 1698 et
1591 1633 1697 1698 docuit
1722 1634 1845 1700 loanne
1864 1632 2044 1714 Paludano,
2069 1631 2209 1698 Martino
2232 1633 2360 1716 Dorpi0,

613 1738 754 1803 Adriano
775 1734 942 1815 Barlando,
964 1733 1087 1799 loanne
1109 1730 1290 1813 (lampenae,
1310 1732 1456 1812 Rudgero
1475 1732 1598 1813 Roscio,
1620 1732 1736 1798 lodoco
1758 1732 1858 1797 Laeto
1880 1737 1913 1797 et
1933 1732 2002 1813 ipso
2023 1732 2106 1796 inter
2127 1732 2207 1796 alios
2226 1732 2359 1799 Erasmo

613 1835 829 1902 Roterodamo
858 1851 936 1898 usus
968 1830 1173 1896 familiariter.
1224 1830 1311 1896 Vixit
1330 1835 1442 1912 postea
1462 1830 1643 1912 aliquandiu
1663 1831 1864 1913 antuerpiae,
1893 1831 1973 1912 quod
2002 1836 2071 1895 tum
2095 1830 2279 1912 Emporium
2299 1834 2360 1898 toti

612 1935 760 2015 Europae
781 1932 987 1997 notissimum.
1038 1930 1082 1994 At
1105 1946 1180 1993 vero
1208 1948 1277 1994 eum
1298 1930 1353 1993 isti
1374 1930 1564 1995 adolescenti
1587 1949 1724 2011 nequeo
1747 1936 1880 2011 natura,
1910 1947 2013 2013 neque
2032 1946 2053 1992 a
2072 1928 2214 1995 doctrina
2235 1930 2361 1996 deesset

611 2036 795 2117 quicquam,
824 2029 1057 2095 commendatus
1079 2027 1191 2093 Garolo
1214 2026 1252 2092 V.
1294 2029 1482 2110 Imperatori
1495 2028 1522 2110 ¹)
1550 2029 1684 2109 primum
1704 2030 1746 2093 ad
1767 2030 1880 2094 hulam
1900 2028 2038 2110 accitur,
2068 2035 2105 2094 ut
2128 2029 2168 2094 ab
2188 2030 2358 2095 Histericis

613 2138 647 2199 at
668 2129 853 2197 lectionibus
874 2133 960 2193 esset
980 2126 1090 2192 eidem.
1139 2126 1200 2191 Sed
1221 2146 1292 2192 cum
1320 2127 1497 2210 displiceret
1520 2127 1758 2194 Galdmbaario
1780 2127 1926 2208 frequens
1947 2128 2086 2193 locorum
2108 2129 2240 2194 mutatio
2267 2147 2305 2194 aa
2325 2131 2359 2194 in

614 2230 798 2312 Hispaniam
821 2229 898 2292 ituri
918 2226 1022 2292 Caroli
1043 2226 1218 2308 comitatus,
1248 2227 1358 2292 relicta
1377 2228 1580 2309 imperatoria
1600 2228 1675 2293 aula
1695 2246 1729 2292 se
1750 2227 1790 2292 ad
1812 2226 1988 2307 Philippum
2007 2226 2245 2309 UltraJectinum
2266 2231 2359 2310 prae-

614 2331 714 2397 sulem
736 2328 884 2409 contulit,
913 2325 1004 2407 eique
1030 2344 1050 2389 a
1079 2326 1208 2389 secretis
1237 2326 1270 2390 in
1290 2326 1405 2390 Latina
1431 2325 1538 2406 lingua
1567 2333 1600 2391 et
1627 2327 1660 2391 in
1682 2326 1821 2392 cubiculo
1850 2343 1870 2390 a
1891 2326 2076 2391 lectionibus
2096 2325 2158 2391 tuit
2178 2344 2236 2407 per
2256 2345 2358 2393 annos

613 2430 676 2495 XII
697 2446 796 2509 usque
818 2426 861 2491 ad
883 2443 999 2490 annum
1018 2422 1196 2488 MDXXIV.
1246 2424 1314 2502 Quo
1336 2442 1418 2489 anno
1436 2443 1507 2490 cum
1527 2425 1555 2490 is
1577 2426 1658 2490 diem
1682 2425 1813 2491 obiisset
1833 2443 1940 2505 suum,
1962 2424 2175 2491 Maximiliano
2187 2426 2217 2508 ²)
2239 2444 2259 2491 a
2278 2426 2359 2492 Bur-

614 2527 733 2609 gundia
753 2527 799 2591 ita
821 2525 939 2590 volenti
959 2541 1086 2604 operam
1112 2540 1202 2587 suam
1222 2523 1332 2587 iisdem
1359 2524 1392 2589 in
1419 2524 1515 2589 rebus
1535 2524 1709 2589 collocavit.
1755 2526 1799 2589 ht
1827 2541 1910 2589 anno
1932 2523 2100 2589 MDXXVI
2123 2543 2143 2588 a
2163 2524 2359 2605 Principibus

613 2627 689 2691 viris
711 2623 939 2704 Wittebergam
959 2622 1073 2686 misam
1094 2620 1252 2686 Ecclesiae
1273 2621 1356 2687 illius
1376 2628 1474 2703 atque
1494 2622 1618 2688 scholae
1639 2623 1792 2688 rationem
1813 2622 1965 2704 inspicere
1985 2629 2019 2687 et
2039 2622 2202 2704 explorare
2220 2623 2358 2705 jubetur.

613 2726 768 2791 Reversus
788 2723 887 2803 igitur
906 2721 1029 2802 audita,
1051 2720 1128 2801 visa,
1148 2724 1370 2802 compertaque
1391 2722 1449 2787 sibi
1472 2722 1534 2786 illis
1555 2720 1617 2786 fide
1638 2722 1758 2803 optima
1778 2722 1887 2786 retulit
1909 2721 2022 2802 omnia,
2042 2720 2145 2786 fassus
2167 2723 2303 2803 ingenue
2323 2742 2359 2788 se

613 2842 677 2889 non
696 2840 790 2905 posse
810 2838 873 2885 non
892 2818 1030 2901 probare
1058 2822 1091 2883 et
1111 2819 1328 2885 commendare
1356 2820 1388 2884 id
1411 2821 1572 2886 doctrinae
1592 2838 1710 2901 genus,
1737 2821 1822 2902 quod
1844 2837 1914 2884 cum
1942 2820 2043 2884 literis
2066 2820 2262 2902 Propheticis
2284 2840 2358 2887 con-

613 2922 732 2988 sentiat
756 2923 789 2984 et
810 2919 1015 3000 ApostoliciS,
1043 2916 1163 2999 hacque
1185 2919 1345 2983 occasione
1366 2919 1483 2984 relictis
1511 2919 1743 2985 Pontificiorum
1763 2919 1923 3001 partibus,
1952 2919 2163 3001 religioneque
2190 2920 2359 2986 immutata

613 3038 677 3085 non
698 3021 766 3084 siue
795 3018 878 3082 uitae
897 3035 934 3083 aa
958 3016 1157 3081 fortunarum
1184 3018 1321 3081 omnium
1343 3018 1479 3098 periculo
1500 3017 1540 3082 ad
1567 3018 1745 3097 Vangiones
1772 3017 1850 3082 abiit
1878 3024 1912 3082 et
1939 3017 2174 3098 Wormaciae⁸)
2205 3021 2359 3103 inprimis,

614 3137 710 3183 uxore
737 3117 852 3181 ibidem
880 3116 975 3180 ducta
1003 3116 1111 3180 sedem
1139 3114 1209 3179 fixit
1236 3134 1359 3179 omnem
1387 3133 1458 3179 cum
1478 3117 1606 3197 pietatis
1635 3116 1749 3182 studiis
1778 3117 1932 3181 rationem
1956 3116 2077 3182 babens
2102 3121 2136 3182 et
2159 3118 2359 3198 juventutem

614 3218 712 3282 etiam
734 3217 835 3297 ipsam
858 3213 898 3278 ad
920 3214 1031 3280 literas
1053 3218 1151 3295 atque
1171 3213 1409 3295 humanitatem,
1429 3214 1456 3279 si
1477 3215 1641 3296 quisquam
1661 3215 1751 3298 alius,
1773 3213 1925 3296 effingens
1944 3215 2063 3282 sedulo.
2105 3216 2167 3283 Sed
2187 3219 2271 3282 enim
2290 3237 2360 3283 curm

613 3315 772 3381 literarius
799 3315 922 3379 interea
949 3313 1042 3378 ludus
1079 3313 1256 3394 aperiretur
1284 3313 1408 3395 publico
1436 3314 1588 3379 invitatus
1623 3314 1776 3396 stipendio
1809 3333 1844 3379 se
1873 3314 1998 3379 scholae
2025 3314 2071 3379 illi
2095 3314 2215 3381 addixit
2246 3322 2358 3383 tetum.

613 3414 696 3479 Hinc
722 3414 894 3493 Auguum
920 3411 1153 3477 vindelicorum
1188 3418 1337 3477 evocatus
1369 3430 1496 3494 operam
1524 3430 1612 3477 suam
1637 3414 1759 3494 pariter
1787 3412 1976 3478 erudiendae
2008 3414 2170 3494 juventuti
2196 3415 2359 3498 impendit,

613 3513 711 3579 donec
731 3530 814 3577 anno
834 3510 1073 3592 MDXXXIV‘)
1095 3511 1301 3593 Marpurgum
1322 3512 1483 3577 transiret.
1526 3512 1595 3590 Qua
1619 3513 1653 3576 in
1674 3512 1842 3578 Academia
1869 3511 2018 3577 historias
2041 3513 2177 3594 primum
2198 3513 2361 3580 biennium

613 3630 650 3678 aa
670 3610 870 3692 postmodum
890 3610 1081 3675 novennium
1102 3627 1209 3676 sacras
1229 3612 1357 3691 literas,
1378 3611 1491 3693 quibus
1512 3611 1634 3676 immori
1657 3610 1858 3693 decreverat,
1880 3612 1932 3693 pie
1954 3616 2076 3676 etcum
2096 3613 2276 3679 auditorum
2296 3634 2361 3679 non

612 3710 733 3775 modico
753 3708 859 3772 fructu
881 3710 1107 3788 interpretatus
1129 3713 1188 3788 est,
1206 3711 1254 3772 ita
1275 3716 1313 3773 ut
1328 3711 1453 3773 interea
1467 3710 1563 3773 etiarn
1578 3711 1719 3773 Rectoris
1734 3727 1861 3774 munere
1874 3709 2055 3791 perfunctus
2070 3710 2175 3777 fuerit
2219 3714 2361 3779 Tandem

613 3825 697 3874 auno
724 3805 876 3873 MDXLH
903 3804 1019 3869 decimo
1047 3804 1193 3870 ianuarii
1221 3806 1271 3870 die
1297 3808 1441 3887 spiritum
1471 3807 1538 3871 Deo
1573 3806 1711 3871 reddidit
1746 3808 1975 3888 sexagenarius.
2025 3809 2102 3890 Ejus
2130 3812 2248 3892 scripta
2280 3813 2362 3878 haec

613 3909 705 3972 sunt:
732 3904 934 3970 Paetiaorum
954 3904 1146 3987 tyrocinium
1163 3905 1230 3969 siue
1251 3905 1532 3988 Epiqrammatum
1553 3906 1630 3971 libri
1651 3906 1706 3985 II,
1735 3924 1813 3987 quos
1844 3906 1942 3972 edidit
1963 3925 2062 3973 annos
2085 3914 2178 3976 nattis
2200 3910 2359 3977 deremet

613 4009 702 4073 octo:
730 4002 844 4069 Oratio
872 4002 1093 4068 ulutatum
1114 4003 1158 4067 ad
1183 4004 1326 4068 studium
1349 4004 1505 4070 bmrarum
1527 4006 1708 4085 literarum,
1740 4025 1809 4071 aum
1830 4006 1909 4071 aliis
1930 4007 2123 4089 quibusdam
2143 4010 2359 4075 orationibus:

614 4105 755 4187 Saturae
776 4109 857 4183 oete,
888 4118 1021 4182 quarum
1042 4118 1096 4167 sax
1116 4101 1148 4166 in
1169 4100 1309 4183 Phrisia,
1336 4101 1415 4169 duas
1436 4107 1614 4185 postremas
1634 4103 1668 4168 in
1689 4103 1837 4170 Salandia
1858 4105 2008 4171 absolvit:
2034 4107 2260 4189 Epistularum
2282 4109 2360 4174 libri

615 4210 697 4270 tres:
728 4201 782 4266 De
803 4221 925 4281 pompa
946 4200 1084 4283 funebri
1107 4201 1312 4267 Fertlinanrli
1339 4204 1547 4286 Arraporrum
1572 4203 1688 4286 Rapis:
1717 4204 1770 4269 De
1801 4205 1942 4270 aduentu
1970 4205 2120 4289 Philippi
2133 4208 2303 4289 praesulis
2322 4211 2360 4274 in

615 4302 767 4368 ditiorum
793 4298 1040 4383 Ultrajeetinam
1066 4306 1097 4365 et
1117 4302 1222 4366 oratio
1238 4321 1304 4382 pro
1332 4303 1439 4367 eodem
1467 4302 1511 4365 ael
1533 4300 1685 4367 (lurcium
1706 4302 1906 4385 Augustam:
1934 4304 2010 4369 Vita
2031 4306 2175 4387 ejusdem
2195 4306 2359 4389 Philippi:

613 4400 800 4481 Descriptio
829 4398 963 4464 Insulae
991 4398 1210 4465 Batauorum.-
1238 4400 1391 4466 Historia
1421 4401 1603 4465 Bataoica:
1631 4401 1806 4484 Catalopus
1834 4402 2070 4484 Episcoporum
2091 4406 2359 4487 Trajectensium:

614 4500 784 4566 Historiae
795 4517 874 4562 suae
886 4498 1004 4562 aetatis
1021 4498 1098 4562 libri
1121 4497 1194 4563 VH
1194 4521 1203 4560 :
1226 4498 1280 4563 De
1292 4500 1374 4565 airis
1391 4500 1575 4565 illustribus
1589 4500 1764 4582 Inferioris
1780 4502 1989 4567 Germaniae:
2011 4504 2174 4585 Rodolpbi
2187 4506 2360 4588 Agricolae

614 4602 647 4663 et
676 4597 808 4664 Wesseli
830 4595 1017 4678 Ganssmtii
1037 4596 1224 4662 Frisiorum
1244 4614 1282 4662 ac
1303 4598 1484 4664 Noutraeni
1503 4600 1605 4665 uitae:
1636 4598 1903 4666 Germanicarum
1931 4602 2144 4667 historiarum
2166 4604 2359 4669 illustratio:

614 4701 648 4763 et
667 4695 819 4778 Epistola
839 4695 884 4760 ael
906 4694 1039 4760 Gelriae
1061 4695 1246 4775 Principem
1275 4696 1476 4762 llilltelmum
1495 4698 1716 4781 gratulatoria
1745 4706 1775 4764 et
1796 4700 2013 4765 admonitoria
2036 4701 2076 4764 tle
2096 4701 2210 4766 borum
2230 4702 2359 4766 Princi-

610 4800 749 4877 patuum
770 4795 947 4875 adeptione,
972 4794 1071 4875 deque
1092 4795 1286 4876 miranda³)
1315 4798 1508 4878 antiquitate
1535 4818 1644 4879 rapum
1668 4797 1870 4863 Garumniae.
1914 4797 2077 4864 concessit
2097 4803 2203 4866 autem
2225 4807 2360 4866 naturae

619 4968 689 4977 --—-
698 4958 933 4974 ----—A---—-
941 4968 1006 4974 ...-....

721 5080 745 5144 1)
762 5077 902 5131 Asterisco
922 5076 1012 5132 addito
1033 5078 1129 5133 Tilem.
1144 5079 1264 5135 indicare
1284 5080 1383 5149 voluit,
1403 5082 1491 5138 minus
1509 5088 1585 5137 recte
1609 5081 1757 5137 Dilichium
1776 5082 1901 5138 Carolum
1920 5082 2012 5138 dicere
2031 5084 2239 5152 Imperatorem,
2265 5088 2311 5155 qui
2330 5088 2359 5140 in

615 5165 685 5219 hana
702 5162 860 5229 dignitatem
877 5170 986 5217 evectus
1005 5163 1123 5219 nondum
1141 5164 1231 5221 tuerit.

716 5248 742 5314 2)
762 5245 826 5301 Cod.
845 5248 1056 5304 Maamilium.
1179 5309 1181 5313 .

720 5332 745 5397 3)
764 5331 824 5386 Hoc
841 5331 902 5387 loco
921 5334 1022 5389 inserta
1039 5340 1083 5389 est
1100 5334 1189 5403 imago
1205 5333 1408 5392 Goldenhanrii.

718 5420 749 5481 4)
767 5416 891 5471 Scribere
909 5418 963 5472 Dil.
982 5418 1101 5474 voluisse
1118 5420 1290 5485 MDXXXII,
1310 5423 1435 5490 proxima
1452 5422 1536 5477 verba
1553 5422 1659 5491 docent,
1678 5430 1761 5491 atqua
1779 5425 1889 5481 aliunde
1908 5433 2021 5496 constat,
2042 5444 2066 5482 a
2083 5428 2260 5483 MDXXXIV
2280 5429 2359 5485 Geld.

617 5503 645 5557 in
661 5501 849 5570 theologorum
868 5519 1008 5558 numerum
1025 5506 1173 5575 transiisse,
1192 5521 1253 5561 curn
1272 5512 1353 5562 antea
1366 5508 1508 5564 historiam
1519 5507 1665 5563 docuisset.
1689 5509 1728 5563 ef.
1743 5510 1863 5564 Strieder
1874 5511 1952 5568 Hesa
1966 5514 2025 5566 Gel.
2039 5515 2137 5568 Gesch.
2149 5515 2196 5583 IV,
2214 5531 2241 5582 p.
2253 5517 2303 5568 355
2317 5530 2358 5580 sq.

720 5590 745 5655 6)
764 5587 809 5643 Sic
826 5588 933 5655 Dilieh,
948 5606 1001 5646 non
1017 5591 1191 5658 admiranda,
1210 5592 1282 5659 quod
1301 5592 1398 5647 Tilem.
1419 5594 1535 5649 exhibet.
