5409 7267
2150 991 2220 1064 119

480 1184 645 1273 superavit
672 1187 734 1268 ita,
765 1189 802 1251 ut
829 1182 1038 1250 admiratione
1067 1186 1152 1249 esset
1177 1183 1320 1250 omnibus
1350 1187 1385 1251 et
1408 1200 1471 1250 non
1501 1183 1535 1249 in
1565 1182 1802 1249 humanioribus
1829 1183 1939 1265 modo,
1970 1182 2078 1265 lingua
2104 1184 2223 1251 seilicet

479 1279 597 1356 Latina
617 1291 649 1353 et
669 1284 810 1366 Graeca,
839 1284 976 1365 itemque
998 1282 1108 1364 Poesi,
1135 1282 1242 1348 sedin
1264 1282 1459 1365 gravioribus
1481 1283 1577 1349 etiam
1602 1282 1664 1348 illis
1692 1281 1814 1347 artibus
1844 1285 1877 1347 et
1899 1282 2068 1365 disciplinis
2090 1284 2223 1367 hogicis,

479 1387 617 1469 Ethieia,
640 1384 807 1451 HIstoricis
828 1388 862 1449 et
882 1381 1074 1465 Theologicis
1095 1383 1358 1465 expectationem,
1381 1400 1476 1464 quam
1498 1382 1592 1450 dese
1613 1384 1806 1463 concitarat,
1834 1381 2006 1448 sustineret
2025 1388 2059 1449 et
2079 1389 2223 1451 tueretur

478 1486 616 1569 agregIc.
657 1484 864 1551 Postmodum
883 1500 967 1548 anuo
988 1480 1136 1548 MDXCV
1156 1481 1290 1548 eundem
1313 1482 1447 1564 gradum
1467 1481 1633 1563 dignitatis
1654 1487 1687 1548 et
1704 1480 1829 1563 gratiae
1847 1481 1879 1547 in
1896 1481 2017 1564 Repub.
2037 1482 2224 1551 Academica

479 1586 586 1654 tenuit
604 1585 770 1670 Negidius.
811 1581 875 1650 Sed
896 1582 1022 1648 demum
1040 1599 1134 1664 quum
1153 1598 1254 1647 annos
1274 1580 1377 1647 adhuc
1398 1598 1509 1648 novem
1536 1582 1569 1647 in
1597 1580 1728 1648 docendi
1754 1598 1884 1647 munere
1904 1581 2076 1664 exegisset,
2103 1583 2223 1652 viribus

477 1686 619 1770 carpens
649 1683 758 1751 iraetis
784 1700 867 1748 anuo
888 1679 1025 1748 MDOIII
1051 1681 1092 1746 ab
1119 1681 1282 1748 Illustriss.
1308 1680 1522 1766 Principibus,
1557 1682 1732 1749 substituto
1760 1681 1794 1747 iu
1820 1681 1903 1748 illius
1931 1680 2034 1750 locum
2058 1681 2224 1765 Rumlpho

479 1783 629 1853 Goelenio
649 1782 779 1851 Seniore
799 1781 878 1848 rude
897 1781 1035 1848 donatus
1056 1780 1135 1848 obiit
1154 1798 1250 1848 senex
1262 1779 1306 1865 ¹).

1152 2176 1315 2244 Ioannes
1336 2177 1553 2245 Ferinarius

579 2367 836 2436 Vratislaviensis
863 2365 992 2434 Silesius
1002 2365 1037 2452 ¹)
1065 2385 1162 2450 quum
1188 2366 1221 2432 in
1247 2365 1418 2433 Academia
1443 2364 1690 2447 Wittebergensi
1720 2366 1868 2448 auspiciis
1898 2366 2040 2451 inprimis
2069 2370 2102 2434 et
2128 2367 2224 2440 ductu

484 2468 592 2551 magni
611 2467 697 2535 illius
716 2465 854 2550 Philippi
867 2466 1105 2549 Melanchtonis,
1126 2466 1176 2533 cui
1195 2465 1341 2533 famulari
1359 2483 1457 2548 graue
1476 2464 1660 2547 conduxit,
1680 2465 1825 2533 doctriua
1846 2470 1880 2534 et
1899 2468 2089 2550 optimarum
2109 2468 2224 2533 artium

482 2568 599 2638 studia
613 2566 768 2650 eruditus,
788 2584 939 2633 summam
960 2568 994 2632 iu
1007 2565 1208 2650 Philosophia
1221 2565 1362 2632 lauream
1376 2570 1587 2648 consequutus
1608 2570 1702 2648 esset,
1723 2566 1853 2649 Brigam
1872 2566 1914 2632 ad
1924 2567 1954 2650 ³)
1976 2566 2224 2635 constituendam

481 2668 620 2736 scholam
642 2670 801 2734 evocatur.
844 2665 908 2734 Sed
934 2666 1017 2733 enlm
1042 2685 1138 2750 quum
1164 2670 1295 2749 propter
1322 2664 1483 2748 religionis
1509 2664 1646 2731 studium
1675 2664 1765 2731 Istius
1796 2664 1857 2731 loci
1879 2664 2031 2747 Theologi
2051 2666 2225 2734 lacerarent

480 2767 638 2834 hominem
658 2771 692 2834 et
712 2784 805 2851 quam
825 2765 969 2847 colligere
989 2766 1018 2833 is
1038 2766 1198 2849 cupiebat,
1219 2765 1316 2831 Ducis
1339 2764 1502 2847 Brigensis
1526 2764 1743 2831 exulcerarent
1763 2765 1918 2848 gratiam,
1947 2764 2094 2832 dimissus
2115 2783 2224 2834 rursus

480 2866 690 2949 Marpurgum
709 2866 746 2932 P.
767 2866 803 2932 P.
829 2866 921 2948 Jussu
949 2871 1114 2947 evocatur,
1147 2871 1185 2931 ut
1212 2864 1335 2947 Pagani
1366 2863 1519 2947 iungatur
1544 2882 1683 2931 munere.
1733 2864 1836 2943 Quum
1865 2865 1973 2948 itaque
1999 2864 2092 2932 XIIX
2113 2865 2223 2932 Octob.

479 2984 565 3046 auno
586 2965 784 3032 MDLXXVI
809 2964 870 3031 huc
898 2984 967 3032 eum
994 2965 1114 3032 hunilia
1141 2964 1333 3048 appulisset,
1360 2964 1438 3031 XIII
1459 2963 1509 3029 dle
1529 2963 1677 3032 Ianuarii
1705 2982 1787 3030 anno
1808 2963 1987 3032 DLXXVII
2014 2965 2158 3032 oratione
2185 2964 2227 3032 de

479 3070 612 3136 aumte
631 3063 814 3149 Solymanni
841 3065 929 3133 rabie
960 3066 1088 3149 ejusque
1115 3082 1264 3132 successu
1290 3063 1424 3131 terribili
1452 3063 1579 3146 habita,
1610 3068 1738 3147 postero
1767 3062 1817 3130 die
1845 3063 1988 3131 emoch
2009 3063 2224 3133 Chronicona

479 3164 699 3232 Melanchtona
725 3167 854 3232 auctum
882 3164 1086 3252 interpretari
1114 3164 1225 3247 coepit.
1274 3164 1358 3231 Hinc
1388 3165 1533 3247 sequenti
1562 3182 1644 3230 anno
1672 3164 1850 3247 Dominica,
1885 3164 1935 3231 cui
1961 3163 2103 3232 Ecclesia
2131 3172 2233 3233 vetas-

479 3282 593 3332 nomen
612 3262 687 3331 iecit
706 3263 877 3348 Inuocavit,
899 3264 940 3331 ab
961 3283 1008 3348 eo,
1030 3264 1086 3347 qui
1106 3264 1189 3331 vices
1210 3264 1388 3331 sustinebat
1406 3263 1602 3346 cancellarii,
1624 3263 1844 3346 discipulorum
1864 3264 1967 3331 coetui
1987 3263 2233 3332 commendatus-

481 3364 776 3448 paedagogu'nrchae
793 3382 906 3431 munus
934 3365 1020 3446 iniit,
1048 3365 1137 3447 eique
1157 3364 1263 3430 XXIV
1283 3381 1382 3429 annos
1407 3362 1547 3445 praefuit
1575 3363 1625 3430 bis
1646 3364 1801 3446 Rectons,
1828 3363 1921 3430 semel
1948 3363 2069 3430 Decani
2094 3383 2224 3431 munere

480 3464 604 3531 interea
632 3463 783 3547 temporis
810 3463 1004 3546 perfunctus.
1053 3463 1199 3529 Mortuus
1227 3469 1334 3529 autem
1362 3465 1412 3528 est
1437 3462 1548 3528 uldmo
1569 3462 1755 3530 Nouembris
1784 3462 1836 3529 die
1856 3481 1938 3530 anno
1958 3462 2106 3546 MDCII,
2126 3482 2232 3548 quum.

480 3563 639 3632 docuisset
658 3564 693 3630 In
712 3564 883 3631 Academia
902 3563 1025 3646 publice
1044 3562 1150 3629 XXVI
1171 3580 1279 3628 annos.

1153 3959 1249 4027 Otho
1275 3958 1514 4042 GualperIus.
1525 3960 1555 4042 ⁴)

581 4138 787 4222 Gualperium
800 4139 937 4205 Hessum
955 4139 1031 4205 tulit
1048 4140 1262 4223 Roteburgum
1282 4138 1322 4206 ad
1342 4138 1514 4213 Fuldam⁸l
1535 4138 1690 4222 oppidum.
1725 4138 1934 4223 Gaateroquin
1947 4157 2043 4223 quum
2055 4138 2222 4206 institutus

480 4240 615 4323 optIme,
644 4237 782 4322 perfecte
802 4239 958 4324 planeque
985 4240 1127 4306 erudItus
1159 4245 1257 4318 esset,
1285 4238 1457 4306 Academia
1476 4238 1614 4322 eJusdem
1632 4236 1829 4323 potissimum
1848 4257 1960 4323 opera,
1992 4257 2088 4323 quum
2118 4238 2222 4305 isthoe

480 4338 610 4406 docendi
632 4356 759 4405 munere
780 4356 863 4404 anno
883 4338 1049 4405 MDXXCI
1067 4340 1198 4406 abiisset
1218 4340 1418 4406 Hermanuus
1438 4338 1591 4423 Vultejus,
1612 4338 1645 4404 in
1659 4338 1794 4406 'Graecis
1814 4339 1949 4422 primum
1971 4344 2004 4406 et
2022 4338 2222 4423 postmodum

480 4438 577 4507 etiam
597 4438 631 4504 in
650 4437 844 4521 hebraeisr)
866 4437 967 4504 literis
988 4438 1178 4522 explicandis
1199 4440 1246 4505 uti
1268 4438 1373 4505 voluit.
1415 4440 1521 4521 Atque
1543 4437 1742 4521 sicquidem,
1763 4456 1859 4522 quum
1880 4440 1964 4506 inter
1983 4438 2233 4521 Philosophicae·

479 4536 639 4605 boniatis
658 4554 802 4619 proceres
822 4536 871 4604 bis
891 4538 1010 4605 Decani
1027 4557 1139 4605 munus
1160 4539 1336 4621 peregisset
1356 4557 1377 4606 a
1397 4538 1569 4605 Lubecensi
1588 4538 1762 4621 Republica
1782 4556 1865 4606 anno
1885 4538 2053 4607 MDXOIII
2071 4539 2115 4606 ad
2135 4537 2234 4605 urbis-

479 4637 619 4706 scholam
636 4636 875 4720 gubernandam
894 4644 1046 4706 avocatus
1065 4639 1252 4706 Academiae
1271 4638 1343 4705 huic
1364 4636 1514 4705 valedixit
1535 4641 1570 4704 et
1590 4637 1749 4705 Lubecam
1769 4637 1953 4723 decessit').

581 4904 611 4974 1)
628 4903 763 4959 Pistoriae
787 4920 848 4960 eum
873 4906 898 4961 d.
917 4906 1092 4963 XV111.Jul.
1117 4908 1185 4965 1606
1208 4909 1308 4965 obiisse
1332 4907 1424 4963 hedit.
1453 4938 1486 4948 -
1516 4909 1659 4980 Sequitur,
1685 4915 1716 4967 ut
1739 4912 1767 4966 in
1793 4910 1917 4968 omnibus
1941 4910 1999 4968 fare
2021 4910 2098 4980 ritis,
2121 4909 2233 4978 quihus

480 5006 576 5048 sersus
594 4991 712 5059 appositi
730 5008 784 5046 non
801 4999 873 5062 sunt,
891 5008 1003 5062 parrum
1019 4995 1135 5063 spatium
1152 5010 1274 5049 vacuum.

579 5078 609 5147 2)
627 5075 693 5133 Cod.
713 5076 833 5133 &haiae
851 5108 885 5118 -
903 5078 946 5133 De
962 5081 1052 5148 patria
1067 5079 1165 5135 Silesia
1184 5096 1276 5136 omnes
1295 5080 1474 5147 consentiunt,
1495 5080 1583 5135 locum
1602 5081 1721 5137 natalem
1739 5081 1787 5137 alii
1803 5081 1887 5138 alium
1902 5080 2032 5147 rhenaug
2050 5080 2084 5137 cf.
2099 5078 2235 5136 Strieder:

479 5163 534 5235 IV,
556 5180 583 5234 p.
601 5166 635 5219 85
652 5177 692 5232 sq.

579 5250 609 5317 8)
628 5248 720 5317 Imago
740 5247 882 5305 Farinarii.

578 5335 610 5403 4)
626 5332 672 5389 Sic
690 5333 759 5403 Dii,
778 5334 951 5393 scribendum
969 5340 1028 5393 arat
1046 5335 1234 5406 scarpariae.

578 5420 610 5489 b)
626 5420 719 5489 Imago
737 5419 898 5490 Gualtperii.

579 5505 608 5568 6)
627 5505 693 5562 cod
709 5507 858 5575 Hebraeis,
876 5506 948 5576 quod
967 5506 1059 5563 autin
1077 5508 1223 5567 Hebraicis
1240 5513 1289 5565 aut
1305 5509 1334 5564 in
1350 5508 1488 5565 Hebraeis
1505 5507 1671 5565 mahadam.

579 5592 609 5661 7)
626 5591 681 5647 Ubi
698 5598 819 5648 mortuus
837 5600 880 5649 est
897 5609 921 5649 a.
942 5596 1017 5649 1624.
