<?xml version="1.0" encoding="UTF-8"?>
<!DOCTYPE html PUBLIC "-//W3C//DTD XHTML 1.0 Transitional//EN"
    "http://www.w3.org/TR/xhtml1/DTD/xhtml1-transitional.dtd">
<html xmlns="http://www.w3.org/1999/xhtml" xml:lang="en" lang="en">
 <head>
  <title>
</title>
<meta http-equiv="Content-Type" content="text/html;charset=utf-8" />
  <meta name='ocr-system' content='tesseract 3.04.00' />
  <meta name='ocr-capabilities' content='ocr_page ocr_carea ocr_par ocr_line ocrx_word'/>
</head>
<body>
  <div class='ocr_page' id='page_1' title='image "./urbsetacademiam01caesgoog_0044.png"; bbox 0 0 5409 7267; ppageno 0'>
   <div class='ocr_carea' id='block_1_1' title="bbox 877 1128 1576 1457">
    <p class='ocr_par' dir='ltr' id='par_1_1' title="bbox 877 1128 1576 1283">
     <span class='ocr_line' id='line_1_1' title="bbox 877 1128 1576 1198; baseline 0 -16"><span class='ocrx_word' id='word_1_1' title='bbox 877 1128 1025 1182; x_wconf 82' lang='lat' dir='ltr'>Mortalcm</span> <span class='ocrx_word' id='word_1_2' title='bbox 1042 1130 1146 1198; x_wconf 82' lang='lat' dir='ltr'>cripuit</span> <span class='ocrx_word' id='word_1_3' title='bbox 1162 1145 1259 1185; x_wconf 70' lang='lat' dir='ltr'>aarum</span> <span class='ocrx_word' id='word_1_4' title='bbox 1279 1128 1465 1186; x_wconf 85' lang='lat' dir='ltr'>tantummodo</span> <span class='ocrx_word' id='word_1_5' title='bbox 1484 1131 1576 1194; x_wconf 70' lang='lat' dir='ltr'>atam,</span> 
     </span>
     <span class='ocr_line' id='line_1_2' title="bbox 915 1213 1515 1283; baseline 0.002 -17"><span class='ocrx_word' id='word_1_6' title='bbox 915 1213 969 1283; x_wconf 74' lang='lat' dir='ltr'>Qui</span> <span class='ocrx_word' id='word_1_7' title='bbox 986 1214 1099 1269; x_wconf 77' lang='lat' dir='ltr'><strong><em>dederat</em></strong></span> <span class='ocrx_word' id='word_1_8' title='bbox 1111 1214 1214 1282; x_wconf 80' lang='lat' dir='ltr'><strong><em>forsan</em></strong></span> <span class='ocrx_word' id='word_1_9' title='bbox 1232 1214 1296 1269; x_wconf 89' lang='lat' dir='ltr'>dira</span> <span class='ocrx_word' id='word_1_10' title='bbox 1314 1231 1416 1270; x_wconf 82' lang='lat' dir='ltr'>uenena</span> <span class='ocrx_word' id='word_1_11' title='bbox 1434 1216 1515 1270; x_wconf 87' lang='lat' dir='ltr'>latro.</span> 
     </span>
    </p>

    <p class='ocr_par' dir='ltr' id='par_1_2' title="bbox 877 1298 1534 1457">
     <span class='ocr_line' id='line_1_3' title="bbox 877 1298 1534 1371; baseline 0.002 -20"><span class='ocrx_word' id='word_1_12' title='bbox 877 1298 1003 1368; x_wconf 76' lang='lat' dir='ltr'>Srrspicio</span> <span class='ocrx_word' id='word_1_13' title='bbox 1024 1300 1089 1355; x_wconf 84' lang='lat' dir='ltr'>talis</span> <span class='ocrx_word' id='word_1_14' title='bbox 1101 1300 1200 1368; x_wconf 83' lang='lat' dir='ltr'>suerat</span> <span class='ocrx_word' id='word_1_15' title='bbox 1215 1308 1346 1371; x_wconf 83' lang='lat' dir='ltr'>concepta</span> <span class='ocrx_word' id='word_1_16' title='bbox 1365 1300 1534 1370; x_wconf 74' lang='lat' dir='ltr'>quibusdam,</span> 
     </span>
     <span class='ocr_line' id='line_1_4' title="bbox 911 1386 1468 1457; baseline -0.002 -17"><span class='ocrx_word' id='word_1_17' title='bbox 911 1386 964 1440; x_wconf 78' lang='lat' dir='ltr'>Sed</span> <span class='ocrx_word' id='word_1_18' title='bbox 977 1393 1090 1457; x_wconf 82' lang='lat' dir='ltr'>poterut</span> <span class='ocrx_word' id='word_1_19' title='bbox 1108 1387 1205 1455; x_wconf 76' lang='lat' dir='ltr'>auaris</span> <span class='ocrx_word' id='word_1_20' title='bbox 1223 1393 1250 1441; x_wconf 84' lang='lat' dir='ltr'>ct</span> <span class='ocrx_word' id='word_1_21' title='bbox 1265 1387 1374 1441; x_wconf 76' lang='lat' dir='ltr'>ratione</span> <span class='ocrx_word' id='word_1_22' title='bbox 1390 1388 1468 1441; x_wconf 84' lang='lat' dir='ltr'>mori.</span> 
     </span>
    </p>
   </div>
   <div class='ocr_carea' id='block_1_2' title="bbox 1094 1701 1436 1768">
    <p class='ocr_par' dir='ltr' id='par_1_3' title="bbox 1094 1701 1436 1768">
     <span class='ocr_line' id='line_1_5' title="bbox 1094 1701 1436 1768; baseline -0.006 -2"><span class='ocrx_word' id='word_1_23' title='bbox 1094 1701 1278 1768; x_wconf 91' lang='lat' dir='ltr'>Henricus</span> <span class='ocrx_word' id='word_1_24' title='bbox 1308 1702 1436 1767; x_wconf 88' lang='lat' dir='ltr'>Victor</span> 
     </span>
    </p>
   </div>
   <div class='ocr_carea' id='block_1_3' title="bbox 1156 1855 1370 1925">
    <p class='ocr_par' dir='ltr' id='par_1_4' title="bbox 1156 1855 1370 1925">
     <span class='ocr_line' id='line_1_6' title="bbox 1156 1855 1370 1925; baseline 0.009 -16"><span class='ocrx_word' id='word_1_25' title='bbox 1156 1855 1370 1925; x_wconf 78' lang='lat' dir='ltr'>Fridbergensis.</span> 
     </span>
    </p>
   </div>
   <div class='ocr_carea' id='block_1_4' title="bbox 392 2028 2135 2806">
    <p class='ocr_par' dir='ltr' id='par_1_5' title="bbox 392 2028 2135 2806">
     <span class='ocr_line' id='line_1_7' title="bbox 516 2028 2134 2113; baseline 0.002 -19"><span class='ocrx_word' id='word_1_26' title='bbox 516 2030 543 2094; x_wconf 90' lang='lat' dir='ltr'><strong>E</strong></span> <span class='ocrx_word' id='word_1_27' title='bbox 564 2029 669 2110; x_wconf 89' lang='lat' dir='ltr'>patria</span> <span class='ocrx_word' id='word_1_28' title='bbox 697 2036 843 2095; x_wconf 81' lang='lat' dir='ltr'>euocatus</span> <span class='ocrx_word' id='word_1_29' title='bbox 871 2035 904 2096; x_wconf 91' lang='lat' dir='ltr'>et</span> <span class='ocrx_word' id='word_1_30' title='bbox 924 2030 966 2094; x_wconf 89' lang='lat' dir='ltr'>M.</span> <span class='ocrx_word' id='word_1_31' title='bbox 989 2030 1128 2112; x_wconf 83' lang='lat' dir='ltr'>Casparo</span> <span class='ocrx_word' id='word_1_32' title='bbox 1153 2031 1308 2113; x_wconf 87' lang='lat' dir='ltr'>Rodolphi</span> <span class='ocrx_word' id='word_1_33' title='bbox 1336 2030 1468 2111; x_wconf 80' lang='lat' dir='ltr'>Logioes</span> <span class='ocrx_word' id='word_1_34' title='bbox 1495 2028 1668 2094; x_wconf 87' lang='lat' dir='ltr'>Professori</span> <span class='ocrx_word' id='word_1_35' title='bbox 1696 2035 1729 2094; x_wconf 90' lang='lat' dir='ltr'>et</span> <span class='ocrx_word' id='word_1_36' title='bbox 1756 2029 1882 2111; x_wconf 84' lang='lat' dir='ltr'>Ephoro</span> <span class='ocrx_word' id='word_1_37' title='bbox 1904 2031 2055 2100; x_wconf 87' lang='lat' dir='ltr'>suffectus</span> <span class='ocrx_word' id='word_1_38' title='bbox 2075 2034 2134 2098; x_wconf 89' lang='lat' dir='ltr'>sub</span> 
     </span>
     <span class='ocr_line' id='line_1_8' title="bbox 393 2128 2135 2213; baseline 0.002 -20"><span class='ocrx_word' id='word_1_39' title='bbox 393 2129 573 2195; x_wconf 81' lang='lat' dir='ltr'>Decembris</span> <span class='ocrx_word' id='word_1_40' title='bbox 601 2128 694 2195; x_wconf 89' lang='lat' dir='ltr'>finem</span> <span class='ocrx_word' id='word_1_41' title='bbox 719 2129 880 2196; x_wconf 88' lang='lat' dir='ltr'>undecimo</span> <span class='ocrx_word' id='word_1_42' title='bbox 911 2129 1054 2195; x_wconf 88' lang='lat' dir='ltr'>Januarii</span> <span class='ocrx_word' id='word_1_43' title='bbox 1082 2147 1165 2194; x_wconf 91' lang='lat' dir='ltr'>auno</span> <span class='ocrx_word' id='word_1_44' title='bbox 1187 2129 1290 2195; x_wconf 87' lang='lat' dir='ltr'>DLXI</span> <span class='ocrx_word' id='word_1_45' title='bbox 1309 2147 1396 2194; x_wconf 90' lang='lat' dir='ltr'>more</span> <span class='ocrx_word' id='word_1_46' title='bbox 1424 2128 1640 2210; x_wconf 83' lang='lat' dir='ltr'>institutisque</span> <span class='ocrx_word' id='word_1_47' title='bbox 1665 2128 1851 2195; x_wconf 79' lang='lat' dir='ltr'>Academiae</span> <span class='ocrx_word' id='word_1_48' title='bbox 1878 2130 2013 2211; x_wconf 81' lang='lat' dir='ltr'>Logicae</span> <span class='ocrx_word' id='word_1_49' title='bbox 2035 2131 2135 2213; x_wconf 91' lang='lat' dir='ltr'>ipsius</span> 
     </span>
     <span class='ocr_line' id='line_1_9' title="bbox 392 2226 2134 2311; baseline 0.002 -19"><span class='ocrx_word' id='word_1_50' title='bbox 392 2228 517 2295; x_wconf 89' lang='lat' dir='ltr'>laudem</span> <span class='ocrx_word' id='word_1_51' title='bbox 538 2233 743 2310; x_wconf 85' lang='lat' dir='ltr'>persequutus</span> <span class='ocrx_word' id='word_1_52' title='bbox 769 2236 833 2308; x_wconf 89' lang='lat' dir='ltr'>est,</span> <span class='ocrx_word' id='word_1_53' title='bbox 865 2230 1044 2311; x_wconf 89' lang='lat' dir='ltr'>Decauique</span> <span class='ocrx_word' id='word_1_54' title='bbox 1071 2248 1183 2295; x_wconf 73' lang='lat' dir='ltr'>mutnus</span> <span class='ocrx_word' id='word_1_55' title='bbox 1214 2229 1262 2294; x_wconf 92' lang='lat' dir='ltr'>vel</span> <span class='ocrx_word' id='word_1_56' title='bbox 1291 2227 1516 2294; x_wconf 76' lang='lat' dir='ltr'>secundariae</span> <span class='ocrx_word' id='word_1_57' title='bbox 1544 2244 1628 2292; x_wconf 90' lang='lat' dir='ltr'>anno</span> <span class='ocrx_word' id='word_1_58' title='bbox 1650 2226 1815 2293; x_wconf 80' lang='lat' dir='ltr'>MDLXIV</span> <span class='ocrx_word' id='word_1_59' title='bbox 1843 2229 2000 2295; x_wconf 86' lang='lat' dir='ltr'>sustinuit.</span> <span class='ocrx_word' id='word_1_60' title='bbox 2043 2229 2134 2296; x_wconf 79' lang='lat' dir='ltr'>Post</span> 
     </span>
     <span class='ocr_line' id='line_1_10' title="bbox 393 2325 2134 2409; baseline 0.001 -17"><span class='ocrx_word' id='word_1_61' title='bbox 393 2328 520 2393; x_wconf 92' lang='lat' dir='ltr'>modum</span> <span class='ocrx_word' id='word_1_62' title='bbox 543 2329 696 2409; x_wconf 85' lang='lat' dir='ltr'>susceptis</span> <span class='ocrx_word' id='word_1_63' title='bbox 720 2330 848 2394; x_wconf 90' lang='lat' dir='ltr'>summis</span> <span class='ocrx_word' id='word_1_64' title='bbox 863 2328 1052 2409; x_wconf 87' lang='lat' dir='ltr'>Theologiae</span> <span class='ocrx_word' id='word_1_65' title='bbox 1073 2329 1240 2394; x_wconf 91' lang='lat' dir='ltr'>honoribus</span> <span class='ocrx_word' id='word_1_66' title='bbox 1262 2328 1423 2409; x_wconf 83' lang='lat' dir='ltr'>aLogicis</span> <span class='ocrx_word' id='word_1_67' title='bbox 1445 2325 1726 2394; x_wconf 80' lang='lat' dir='ltr'>concertationibus</span> <span class='ocrx_word' id='word_1_68' title='bbox 1746 2327 1858 2392; x_wconf 91' lang='lat' dir='ltr'>mentis</span> <span class='ocrx_word' id='word_1_69' title='bbox 1880 2328 2134 2395; x_wconf 81' lang='lat' dir='ltr'>exercitationem</span> 
     </span>
     <span class='ocr_line' id='line_1_11' title="bbox 394 2425 2135 2507; baseline 0.001 -16"><span class='ocrx_word' id='word_1_70' title='bbox 394 2429 436 2493; x_wconf 87' lang='lat' dir='ltr'>ad</span> <span class='ocrx_word' id='word_1_71' title='bbox 457 2429 519 2493; x_wconf 81' lang='lat' dir='ltr'>uim</span> <span class='ocrx_word' id='word_1_72' title='bbox 542 2445 665 2493; x_wconf 91' lang='lat' dir='ltr'>omnem</span> <span class='ocrx_word' id='word_1_73' title='bbox 688 2427 857 2494; x_wconf 83' lang='lat' dir='ltr'>Sacrorum</span> <span class='ocrx_word' id='word_1_74' title='bbox 879 2429 1057 2495; x_wconf 90' lang='lat' dir='ltr'>Literarum</span> <span class='ocrx_word' id='word_1_75' title='bbox 1080 2425 1304 2494; x_wconf 88' lang='lat' dir='ltr'>traducendam</span> <span class='ocrx_word' id='word_1_76' title='bbox 1328 2427 1462 2507; x_wconf 83' lang='lat' dir='ltr'>putavit,</span> <span class='ocrx_word' id='word_1_77' title='bbox 1483 2443 1612 2507; x_wconf 86' lang='lat' dir='ltr'>eamque</span> <span class='ocrx_word' id='word_1_78' title='bbox 1633 2425 1729 2491; x_wconf 91' lang='lat' dir='ltr'>etiam</span> <span class='ocrx_word' id='word_1_79' title='bbox 1748 2426 1788 2491; x_wconf 93' lang='lat' dir='ltr'>ob</span> <span class='ocrx_word' id='word_1_80' title='bbox 1809 2444 1951 2492; x_wconf 85' lang='lat' dir='ltr'>caussam</span> <span class='ocrx_word' id='word_1_81' title='bbox 1972 2427 2135 2494; x_wconf 85' lang='lat' dir='ltr'>Professor</span> 
     </span>
     <span class='ocr_line' id='line_1_12' title="bbox 394 2524 2135 2607; baseline 0.001 -17"><span class='ocrx_word' id='word_1_82' title='bbox 394 2527 485 2592; x_wconf 90' lang='lat' dir='ltr'>simul</span> <span class='ocrx_word' id='word_1_83' title='bbox 507 2532 539 2592; x_wconf 89' lang='lat' dir='ltr'>et</span> <span class='ocrx_word' id='word_1_84' title='bbox 553 2526 758 2591; x_wconf 90' lang='lat' dir='ltr'>Ecclesiastes</span> <span class='ocrx_word' id='word_1_85' title='bbox 779 2528 968 2593; x_wconf 89' lang='lat' dir='ltr'>constitutus</span> <span class='ocrx_word' id='word_1_86' title='bbox 990 2528 1074 2591; x_wconf 88' lang='lat' dir='ltr'>inter</span> <span class='ocrx_word' id='word_1_87' title='bbox 1091 2526 1265 2607; x_wconf 83' lang='lat' dir='ltr'>Theologos</span> <span class='ocrx_word' id='word_1_88' title='bbox 1287 2525 1388 2590; x_wconf 89' lang='lat' dir='ltr'>locum</span> <span class='ocrx_word' id='word_1_89' title='bbox 1405 2525 1529 2605; x_wconf 79' lang='lat' dir='ltr'>mermt,</span> <span class='ocrx_word' id='word_1_90' title='bbox 1551 2524 1651 2589; x_wconf 89' lang='lat' dir='ltr'>donec</span> <span class='ocrx_word' id='word_1_91' title='bbox 1669 2542 1753 2589; x_wconf 91' lang='lat' dir='ltr'>anno</span> <span class='ocrx_word' id='word_1_92' title='bbox 1772 2524 1933 2590; x_wconf 84' lang='lat' dir='ltr'>DLXXXI</span> <span class='ocrx_word' id='word_1_93' title='bbox 1953 2527 2021 2607; x_wconf 89' lang='lat' dir='ltr'>ipso</span> <span class='ocrx_word' id='word_1_94' title='bbox 2042 2527 2135 2592; x_wconf 89' lang='lat' dir='ltr'>trium</span> 
     </span>
     <span class='ocr_line' id='line_1_13' title="bbox 393 2623 2134 2706; baseline -0.001 -16"><span class='ocrx_word' id='word_1_95' title='bbox 393 2626 514 2706; x_wconf 82' lang='lat' dir='ltr'>Regum</span> <span class='ocrx_word' id='word_1_96' title='bbox 536 2623 617 2689; x_wconf 88' lang='lat' dir='ltr'>festo</span> <span class='ocrx_word' id='word_1_97' title='bbox 637 2630 728 2705; x_wconf 92' lang='lat' dir='ltr'>peste</span> <span class='ocrx_word' id='word_1_98' title='bbox 748 2626 904 2691; x_wconf 81' lang='lat' dir='ltr'>extinctus</span> <span class='ocrx_word' id='word_1_99' title='bbox 926 2627 1078 2691; x_wconf 85' lang='lat' dir='ltr'>concessit</span> <span class='ocrx_word' id='word_1_100' title='bbox 1101 2624 1191 2706; x_wconf 88' lang='lat' dir='ltr'>fatis,</span> <span class='ocrx_word' id='word_1_101' title='bbox 1213 2644 1282 2690; x_wconf 93' lang='lat' dir='ltr'>cum</span> <span class='ocrx_word' id='word_1_102' title='bbox 1303 2626 1424 2690; x_wconf 88' lang='lat' dir='ltr'>interea</span> <span class='ocrx_word' id='word_1_103' title='bbox 1445 2626 1595 2705; x_wconf 88' lang='lat' dir='ltr'>temporis</span> <span class='ocrx_word' id='word_1_104' title='bbox 1616 2624 1664 2689; x_wconf 85' lang='lat' dir='ltr'>vel</span> <span class='ocrx_word' id='word_1_105' title='bbox 1689 2625 1785 2689; x_wconf 87' lang='lat' dir='ltr'>tertia</span> <span class='ocrx_word' id='word_1_106' title='bbox 1806 2625 1873 2688; x_wconf 89' lang='lat' dir='ltr'>vice</span> <span class='ocrx_word' id='word_1_107' title='bbox 1896 2624 1928 2688; x_wconf 93' lang='lat' dir='ltr'>in</span> <span class='ocrx_word' id='word_1_108' title='bbox 1949 2623 2134 2691; x_wconf 87' lang='lat' dir='ltr'>Academico</span> 
     </span>
     <span class='ocr_line' id='line_1_14' title="bbox 393 2721 2134 2806; baseline 0.001 -18"><span class='ocrx_word' id='word_1_109' title='bbox 393 2723 585 2804; x_wconf 82' lang='lat' dir='ltr'>Magistratu</span> <span class='ocrx_word' id='word_1_110' title='bbox 606 2741 761 2788; x_wconf 90' lang='lat' dir='ltr'>summum</span> <span class='ocrx_word' id='word_1_111' title='bbox 783 2730 816 2788; x_wconf 87' lang='lat' dir='ltr'>et</span> <span class='ocrx_word' id='word_1_112' title='bbox 838 2725 1003 2804; x_wconf 85' lang='lat' dir='ltr'>diguitatis</span> <span class='ocrx_word' id='word_1_113' title='bbox 1024 2730 1056 2789; x_wconf 89' lang='lat' dir='ltr'>et</span> <span class='ocrx_word' id='word_1_114' title='bbox 1076 2726 1198 2805; x_wconf 85' lang='lat' dir='ltr'>gratiae</span> <span class='ocrx_word' id='word_1_115' title='bbox 1218 2724 1349 2806; x_wconf 84' lang='lat' dir='ltr'>gradum</span> <span class='ocrx_word' id='word_1_116' title='bbox 1370 2724 1544 2789; x_wconf 89' lang='lat' dir='ltr'>meruisset.</span> <span class='ocrx_word' id='word_1_117' title='bbox 1590 2722 1706 2788; x_wconf 88' lang='lat' dir='ltr'>Munus</span> <span class='ocrx_word' id='word_1_118' title='bbox 1735 2721 1864 2787; x_wconf 90' lang='lat' dir='ltr'>docendi</span> <span class='ocrx_word' id='word_1_119' title='bbox 1887 2723 1919 2786; x_wconf 90' lang='lat' dir='ltr'>in</span> <span class='ocrx_word' id='word_1_120' title='bbox 1942 2722 2081 2788; x_wconf 88' lang='lat' dir='ltr'>Ecclesia</span> <span class='ocrx_word' id='word_1_121' title='bbox 2101 2728 2134 2790; x_wconf 89' lang='lat' dir='ltr'>et</span> 
     </span>
    </p>
   </div>
   <div class='ocr_carea' id='block_1_5' title="bbox 394 2821 1709 2905">
    <p class='ocr_par' dir='ltr' id='par_1_6' title="bbox 394 2821 1709 2905">
     <span class='ocr_line' id='line_1_15' title="bbox 394 2821 1709 2905; baseline 0 -18"><span class='ocrx_word' id='word_1_122' title='bbox 394 2822 561 2887; x_wconf 80' lang='lat' dir='ltr'>Academia</span> <span class='ocrx_word' id='word_1_123' title='bbox 582 2822 675 2887; x_wconf 89' lang='lat' dir='ltr'>cessit</span> <span class='ocrx_word' id='word_1_124' title='bbox 696 2821 828 2887; x_wconf 91' lang='lat' dir='ltr'>Hunnio.</span> <span class='ocrx_word' id='word_1_125' title='bbox 872 2824 1009 2889; x_wconf 84' lang='lat' dir='ltr'>Victoris</span> <span class='ocrx_word' id='word_1_126' title='bbox 1030 2823 1156 2904; x_wconf 81' lang='lat' dir='ltr'>imagini</span> <span class='ocrx_word' id='word_1_127' title='bbox 1178 2823 1325 2905; x_wconf 81' lang='lat' dir='ltr'>Paganus</span> <span class='ocrx_word' id='word_1_128' title='bbox 1346 2823 1402 2889; x_wconf 89' lang='lat' dir='ltr'>hos</span> <span class='ocrx_word' id='word_1_129' title='bbox 1425 2841 1533 2889; x_wconf 86' lang='lat' dir='ltr'>versus</span> <span class='ocrx_word' id='word_1_130' title='bbox 1555 2822 1709 2904; x_wconf 88' lang='lat' dir='ltr'>ascripsit.</span> 
     </span>
    </p>
   </div>
   <div class='ocr_carea' id='block_1_6' title="bbox 397 2921 1653 5211">
    <p class='ocr_par' dir='ltr' id='par_1_7' title="bbox 397 2921 1653 5211">
     <span class='ocr_line' id='line_1_16' title="bbox 880 2921 1627 2991; baseline -0.001 -14"><span class='ocrx_word' id='word_1_131' title='bbox 880 2921 1009 2977; x_wconf 79' lang='lat' dir='ltr'>Omnibus</span> <span class='ocrx_word' id='word_1_132' title='bbox 1026 2921 1103 2977; x_wconf 83' lang='lat' dir='ltr'>baud</span> <span class='ocrx_word' id='word_1_133' title='bbox 1119 2922 1213 2976; x_wconf 63' lang='lat' dir='ltr'>ewam</span> <span class='ocrx_word' id='word_1_134' title='bbox 1230 2924 1303 2977; x_wconf 85' lang='lat' dir='ltr'>sacri</span> <span class='ocrx_word' id='word_1_135' title='bbox 1322 2929 1387 2977; x_wconf 82' lang='lat' dir='ltr'>curat</span> <span class='ocrx_word' id='word_1_136' title='bbox 1404 2938 1517 2976; x_wconf 82' lang='lat' dir='ltr'>munera</span> <span class='ocrx_word' id='word_1_137' title='bbox 1529 2922 1627 2991; x_wconf 76' lang='lat' dir='ltr'>flabra</span> 
     </span>
     <span class='ocr_line' id='line_1_17' title="bbox 913 3008 1579 3078; baseline -0.002 -16"><span class='ocrx_word' id='word_1_138' title='bbox 913 3008 970 3063; x_wconf 86' lang='lat' dir='ltr'>Hic</span> <span class='ocrx_word' id='word_1_139' title='bbox 983 3008 1121 3076; x_wconf 83' lang='lat' dir='ltr'>populum</span> <span class='ocrx_word' id='word_1_140' title='bbox 1138 3009 1219 3063; x_wconf 84' lang='lat' dir='ltr'>verbo</span> <span class='ocrx_word' id='word_1_141' title='bbox 1233 3010 1334 3078; x_wconf 85' lang='lat' dir='ltr'>pascit,</span> <span class='ocrx_word' id='word_1_142' title='bbox 1352 3015 1384 3063; x_wconf 88' lang='lat' dir='ltr'>at</span> <span class='ocrx_word' id='word_1_143' title='bbox 1400 3009 1447 3063; x_wconf 80' lang='lat' dir='ltr'>tlte</span> <span class='ocrx_word' id='word_1_144' title='bbox 1463 3008 1579 3063; x_wconf 81' lang='lat' dir='ltr'>subolae.</span> 
     </span>
     <span class='ocr_line' id='line_1_18' title="bbox 879 3092 1585 3162; baseline -0.001 -15"><span class='ocrx_word' id='word_1_145' title='bbox 879 3092 910 3147; x_wconf 86' lang='lat' dir='ltr'>Si</span> <span class='ocrx_word' id='word_1_146' title='bbox 926 3100 1014 3147; x_wconf 83' lang='lat' dir='ltr'>tamen</span> <span class='ocrx_word' id='word_1_147' title='bbox 1032 3107 1067 3147; x_wconf 80' lang='lat' dir='ltr'>ca</span> <span class='ocrx_word' id='word_1_148' title='bbox 1084 3108 1171 3162; x_wconf 67' lang='lat' dir='ltr'>mque</span> <span class='ocrx_word' id='word_1_149' title='bbox 1182 3093 1249 3161; x_wconf 83' lang='lat' dir='ltr'>sace</span> <span class='ocrx_word' id='word_1_150' title='bbox 1268 3093 1358 3149; x_wconf 84' lang='lat' dir='ltr'>luceat</span> <span class='ocrx_word' id='word_1_151' title='bbox 1372 3109 1444 3147; x_wconf 82' lang='lat' dir='ltr'>urus</span> <span class='ocrx_word' id='word_1_152' title='bbox 1462 3098 1585 3160; x_wconf 72' lang='lat' dir='ltr'>aaupua</span> 
     </span>
     <span class='ocr_line' id='line_1_19' title="bbox 912 3178 1577 3248; baseline 0 -17"><span class='ocrx_word' id='word_1_153' title='bbox 912 3178 991 3233; x_wconf 77' lang='lat' dir='ltr'>Laus</span> <span class='ocrx_word' id='word_1_154' title='bbox 1009 3193 1115 3246; x_wconf 74' lang='lat' dir='ltr'>quoque</span> <span class='ocrx_word' id='word_1_155' title='bbox 1129 3180 1301 3248; x_wconf 78' lang='lat' dir='ltr'>praestaretis</span> <span class='ocrx_word' id='word_1_156' title='bbox 1317 3178 1388 3233; x_wconf 86' lang='lat' dir='ltr'>talia</span> <span class='ocrx_word' id='word_1_157' title='bbox 1410 3179 1501 3247; x_wconf 76' lang='lat' dir='ltr'>maior</span> <span class='ocrx_word' id='word_1_158' title='bbox 1517 3180 1577 3232; x_wconf 83' lang='lat' dir='ltr'>erit.</span> 
     </span>
     <span class='ocr_line' id='line_1_20' title="bbox 880 3262 1619 3333; baseline 0.001 -16"><span class='ocrx_word' id='word_1_159' title='bbox 880 3262 1056 3333; x_wconf 69' lang='lat' dir='ltr'>Quapropter</span> <span class='ocrx_word' id='word_1_160' title='bbox 1073 3262 1180 3333; x_wconf 81' lang='lat' dir='ltr'>duplici</span> <span class='ocrx_word' id='word_1_161' title='bbox 1201 3264 1295 3320; x_wconf 83' lang='lat' dir='ltr'>Victor</span> <span class='ocrx_word' id='word_1_162' title='bbox 1311 3265 1492 3320; x_wconf 76' lang='lat' dir='ltr'>cumulandus</span> <span class='ocrx_word' id='word_1_163' title='bbox 1508 3266 1619 3330; x_wconf 77' lang='lat' dir='ltr'>bonore,</span> 
     </span>
     <span class='ocr_line' id='line_1_21' title="bbox 914 3348 1592 3420; baseline 0 -18"><span class='ocrx_word' id='word_1_164' title='bbox 914 3348 997 3418; x_wconf 76' lang='lat' dir='ltr'>Quarti</span> <span class='ocrx_word' id='word_1_165' title='bbox 1013 3351 1123 3417; x_wconf 82' lang='lat' dir='ltr'>paritor</span> <span class='ocrx_word' id='word_1_166' title='bbox 1140 3350 1234 3420; x_wconf 82' lang='lat' dir='ltr'>templi</span> <span class='ocrx_word' id='word_1_167' title='bbox 1252 3366 1320 3405; x_wconf 87' lang='lat' dir='ltr'>curo</span> <span class='ocrx_word' id='word_1_168' title='bbox 1336 3352 1498 3419; x_wconf 72' lang='lat' dir='ltr'>scholasque</span> <span class='ocrx_word' id='word_1_169' title='bbox 1516 3356 1592 3403; x_wconf 84' lang='lat' dir='ltr'>tenet.</span> 
     </span>
     <span class='ocr_line' id='line_1_22' title="bbox 878 3434 1580 3502; baseline 0.003 -15"><span class='ocrx_word' id='word_1_170' title='bbox 878 3434 971 3488; x_wconf 69' lang='lat' dir='ltr'>Maca</span> <span class='ocrx_word' id='word_1_171' title='bbox 986 3435 1073 3502; x_wconf 85' lang='lat' dir='ltr'>ipitur</span> <span class='ocrx_word' id='word_1_172' title='bbox 1089 3435 1190 3489; x_wconf 78' lang='lat' dir='ltr'>uirtute</span> <span class='ocrx_word' id='word_1_173' title='bbox 1206 3435 1262 3488; x_wconf 83' lang='lat' dir='ltr'>Dei</span> <span class='ocrx_word' id='word_1_174' title='bbox 1279 3435 1431 3489; x_wconf 68' lang='lat' dir='ltr'>amande</span> <span class='ocrx_word' id='word_1_175' title='bbox 1448 3436 1580 3498; x_wconf 74' lang='lat' dir='ltr'>minuar,</span> 
     </span>
     <span class='ocr_line' id='line_1_23' title="bbox 913 3517 1514 3588; baseline -0.002 -16"><span class='ocrx_word' id='word_1_176' title='bbox 913 3517 1012 3573; x_wconf 79' lang='lat' dir='ltr'>Gloria</span> <span class='ocrx_word' id='word_1_177' title='bbox 1030 3524 1055 3572; x_wconf 84' lang='lat' dir='ltr'>te</span> <span class='ocrx_word' id='word_1_178' title='bbox 1073 3524 1150 3572; x_wconf 86' lang='lat' dir='ltr'>tauto</span> <span class='ocrx_word' id='word_1_179' title='bbox 1169 3517 1253 3588; x_wconf 77' lang='lat' dir='ltr'>dipua</span> <span class='ocrx_word' id='word_1_180' title='bbox 1269 3519 1363 3574; x_wconf 80' lang='lat' dir='ltr'>labora</span> <span class='ocrx_word' id='word_1_181' title='bbox 1379 3525 1470 3575; x_wconf 83' lang='lat' dir='ltr'>manet</span> <span class='ocrx_word' id='word_1_182' title='bbox 1481 3519 1514 3586; x_wconf 83' lang='grc' dir='ltr'>ι).</span> 
     </span>
     <span class='ocr_line' id='line_1_24' title="bbox 876 3601 1586 3672; baseline 0.001 -16"><span class='ocrx_word' id='word_1_183' title='bbox 876 3603 943 3656; x_wconf 72' lang='lat' dir='ltr'>dam</span> <span class='ocrx_word' id='word_1_184' title='bbox 958 3603 1007 3657; x_wconf 83' lang='lat' dir='ltr'>tibi</span> <span class='ocrx_word' id='word_1_185' title='bbox 1024 3602 1132 3669; x_wconf 78' lang='lat' dir='ltr'>decreti,</span> <span class='ocrx_word' id='word_1_186' title='bbox 1151 3601 1225 3672; x_wconf 77' lang='lat' dir='ltr'>quod</span> <span class='ocrx_word' id='word_1_187' title='bbox 1241 3619 1285 3658; x_wconf 83' lang='lat' dir='ltr'>rcc</span> <span class='ocrx_word' id='word_1_188' title='bbox 1301 3610 1444 3669; x_wconf 65' lang='lat' dir='ltr'>asmata,</span> <span class='ocrx_word' id='word_1_189' title='bbox 1462 3604 1586 3664; x_wconf 77' lang='lat' dir='ltr'>bonores,</span> 
     </span>
     <span class='ocr_line' id='line_1_25' title="bbox 914 3688 1560 3758; baseline 0.002 -17"><span class='ocrx_word' id='word_1_190' title='bbox 914 3688 996 3757; x_wconf 79' lang='lat' dir='ltr'>Qucis</span> <span class='ocrx_word' id='word_1_191' title='bbox 1012 3688 1122 3755; x_wconf 55' lang='lat' dir='ltr'>maora</span> <span class='ocrx_word' id='word_1_192' title='bbox 1140 3694 1229 3743; x_wconf 82' lang='lat' dir='ltr'>tamea</span> <span class='ocrx_word' id='word_1_193' title='bbox 1244 3695 1360 3758; x_wconf 83' lang='lat' dir='ltr'>postera</span> <span class='ocrx_word' id='word_1_194' title='bbox 1376 3690 1448 3744; x_wconf 81' lang='lat' dir='ltr'>secla</span> <span class='ocrx_word' id='word_1_195' title='bbox 1461 3690 1560 3758; x_wconf 80' lang='lat' dir='ltr'>serent.</span> 
     </span>
     <span class='ocr_line' id='line_1_26' title="bbox 879 3773 1617 3843; baseline 0.001 -17"><span class='ocrx_word' id='word_1_196' title='bbox 879 3773 953 3827; x_wconf 87' lang='lat' dir='ltr'>Nam</span> <span class='ocrx_word' id='word_1_197' title='bbox 972 3788 1078 3842; x_wconf 79' lang='lat' dir='ltr'>quopue</span> <span class='ocrx_word' id='word_1_198' title='bbox 1089 3773 1190 3843; x_wconf 79' lang='lat' dir='ltr'>finitae</span> <span class='ocrx_word' id='word_1_199' title='bbox 1206 3779 1273 3843; x_wconf 84' lang='lat' dir='ltr'>post</span> <span class='ocrx_word' id='word_1_200' title='bbox 1293 3774 1392 3829; x_wconf 87' lang='lat' dir='ltr'>ultima</span> <span class='ocrx_word' id='word_1_201' title='bbox 1408 3775 1528 3829; x_wconf 85' lang='lat' dir='ltr'>stamina</span> <span class='ocrx_word' id='word_1_202' title='bbox 1545 3773 1617 3828; x_wconf 83' lang='lat' dir='ltr'>ritae</span> 
     </span>
     <span class='ocr_line' id='line_1_27' title="bbox 918 3857 1535 3929; baseline 0.002 -18"><span class='ocrx_word' id='word_1_203' title='bbox 918 3857 1003 3912; x_wconf 85' lang='lat' dir='ltr'>Vicus</span> <span class='ocrx_word' id='word_1_204' title='bbox 1021 3860 1075 3913; x_wconf 85' lang='lat' dir='ltr'>eris</span> <span class='ocrx_word' id='word_1_205' title='bbox 1090 3859 1292 3929; x_wconf 67' lang='lat' dir='ltr'>populicum</span> <span class='ocrx_word' id='word_1_206' title='bbox 1308 3861 1339 3915; x_wconf 85' lang='lat' dir='ltr'>iu</span> <span class='ocrx_word' id='word_1_207' title='bbox 1359 3875 1405 3915; x_wconf 83' lang='lat' dir='ltr'>ore</span> <span class='ocrx_word' id='word_1_208' title='bbox 1420 3860 1535 3915; x_wconf 60' lang='lat' dir='ltr'>ecbola.</span> 
     </span>
     <span class='ocr_line' id='line_1_28' title="bbox 397 3944 944 4027; baseline -0.002 -19"><span class='ocrx_word' id='word_1_209' title='bbox 397 3945 516 4021; x_wconf 79' lang='lat' dir='ltr'>Quibus</span> <span class='ocrx_word' id='word_1_210' title='bbox 539 3945 682 4027; x_wconf 85' lang='lat' dir='ltr'>Nigidius</span> <span class='ocrx_word' id='word_1_211' title='bbox 703 3945 779 4011; x_wconf 89' lang='lat' dir='ltr'>haec</span> <span class='ocrx_word' id='word_1_212' title='bbox 800 3944 944 4026; x_wconf 89' lang='lat' dir='ltr'>subjecit:</span> 
     </span>
     <span class='ocr_line' id='line_1_29' title="bbox 880 4041 1551 4115; baseline 0.006 -20"><span class='ocrx_word' id='word_1_213' title='bbox 880 4042 1019 4097; x_wconf 67' lang='lat' dir='ltr'>narseus</span> <span class='ocrx_word' id='word_1_214' title='bbox 1044 4041 1138 4098; x_wconf 84' lang='lat' dir='ltr'>Victor</span> <span class='ocrx_word' id='word_1_215' title='bbox 1154 4043 1296 4097; x_wconf 77' lang='lat' dir='ltr'>doctrinae</span> <span class='ocrx_word' id='word_1_216' title='bbox 1309 4043 1393 4111; x_wconf 86' lang='lat' dir='ltr'>sama</span> <span class='ocrx_word' id='word_1_217' title='bbox 1412 4044 1551 4115; x_wconf 82' lang='lat' dir='ltr'>triliapuis</span> 
     </span>
     <span class='ocr_line' id='line_1_30' title="bbox 912 4129 1555 4185; baseline 0 -2"><span class='ocrx_word' id='word_1_218' title='bbox 912 4129 1020 4183; x_wconf 80' lang='lat' dir='ltr'>Eatr&#39;tit</span> <span class='ocrx_word' id='word_1_219' title='bbox 1038 4134 1065 4183; x_wconf 83' lang='lat' dir='ltr'>et</span> <span class='ocrx_word' id='word_1_220' title='bbox 1079 4136 1191 4183; x_wconf 69' lang='lat' dir='ltr'>rosnae</span> <span class='ocrx_word' id='word_1_221' title='bbox 1208 4129 1279 4184; x_wconf 80' lang='lat' dir='ltr'>celsa</span> <span class='ocrx_word' id='word_1_222' title='bbox 1297 4130 1424 4183; x_wconf 83' lang='lat' dir='ltr'>columna</span> <span class='ocrx_word' id='word_1_223' title='bbox 1439 4129 1555 4185; x_wconf 74' lang='lat' dir='ltr'>subolae</span> 
     </span>
     <span class='ocr_line' id='line_1_31' title="bbox 879 4212 1521 4285; baseline 0.006 -18"><span class='ocrx_word' id='word_1_224' title='bbox 879 4216 905 4268; x_wconf 78' lang='lat' dir='ltr'><em>A</em></span> <span class='ocrx_word' id='word_1_225' title='bbox 922 4229 1009 4284; x_wconf 81' lang='lat' dir='ltr'>puero</span> <span class='ocrx_word' id='word_1_226' title='bbox 1028 4212 1128 4269; x_wconf 83' lang='lat' dir='ltr'>didicit</span> <span class='ocrx_word' id='word_1_227' title='bbox 1140 4215 1303 4285; x_wconf 85' lang='lat' dir='ltr'>praeclaras</span> <span class='ocrx_word' id='word_1_228' title='bbox 1315 4214 1422 4285; x_wconf 77' lang='lat' dir='ltr'>jupiter</span> <span class='ocrx_word' id='word_1_229' title='bbox 1439 4222 1521 4281; x_wconf 81' lang='lat' dir='ltr'>artus,</span> 
     </span>
     <span class='ocr_line' id='line_1_32' title="bbox 916 4299 1507 4370; baseline 0.003 -17"><span class='ocrx_word' id='word_1_230' title='bbox 916 4301 991 4370; x_wconf 76' lang='lat' dir='ltr'>Quas</span> <span class='ocrx_word' id='word_1_231' title='bbox 1007 4305 1199 4369; x_wconf 79' lang='lat' dir='ltr'>praeceptores</span> <span class='ocrx_word' id='word_1_232' title='bbox 1215 4302 1286 4355; x_wconf 80' lang='lat' dir='ltr'>tuac</span> <span class='ocrx_word' id='word_1_233' title='bbox 1303 4299 1417 4355; x_wconf 71' lang='grc' dir='ltr'><em>άοοαενα</em></span> <span class='ocrx_word' id='word_1_234' title='bbox 1435 4300 1507 4355; x_wconf 78' lang='lat' dir='ltr'>boni.</span> 
     </span>
     <span class='ocr_line' id='line_1_33' title="bbox 879 4385 1653 4455; baseline 0.003 -15"><span class='ocrx_word' id='word_1_235' title='bbox 879 4385 982 4440; x_wconf 78' lang='lat' dir='ltr'>Ettrica</span> <span class='ocrx_word' id='word_1_236' title='bbox 998 4401 1058 4440; x_wconf 88' lang='lat' dir='ltr'>cum</span> <span class='ocrx_word' id='word_1_237' title='bbox 1076 4386 1212 4455; x_wconf 74' lang='lat' dir='ltr'>Physicis,</span> <span class='ocrx_word' id='word_1_238' title='bbox 1229 4385 1393 4452; x_wconf 71' lang='lat' dir='ltr'>Diakctica</span> <span class='ocrx_word' id='word_1_239' title='bbox 1413 4387 1542 4442; x_wconf 72' lang='lat' dir='ltr'>libaturis</span> <span class='ocrx_word' id='word_1_240' title='bbox 1559 4393 1653 4453; x_wconf 71' lang='lat' dir='ltr'>ulmi,</span> 
     </span>
     <span class='ocr_line' id='line_1_34' title="bbox 916 4472 1560 4541; baseline 0.002 -16"><span class='ocrx_word' id='word_1_241' title='bbox 916 4472 1057 4540; x_wconf 71' lang='lat' dir='ltr'>Tanquam</span> <span class='ocrx_word' id='word_1_242' title='bbox 1075 4488 1178 4541; x_wconf 66' lang='grc' dir='ltr'><em>ααρααε</em></span> <span class='ocrx_word' id='word_1_243' title='bbox 1192 4473 1278 4541; x_wconf 83' lang='lat' dir='ltr'>plara</span> <span class='ocrx_word' id='word_1_244' title='bbox 1295 4478 1410 4527; x_wconf 75' lang='grc' dir='ltr'><em>αοιαναε</em></span> <span class='ocrx_word' id='word_1_245' title='bbox 1424 4473 1472 4527; x_wconf 80' lang='lat' dir='ltr'>iile</span> <span class='ocrx_word' id='word_1_246' title='bbox 1487 4488 1560 4528; x_wconf 83' lang='lat' dir='ltr'>suos.</span> 
     </span>
     <span class='ocr_line' id='line_1_35' title="bbox 879 4554 1594 4614; baseline 0.001 -4"><span class='ocrx_word' id='word_1_247' title='bbox 879 4554 1030 4611; x_wconf 85' lang='lat' dir='ltr'>Postmodo</span> <span class='ocrx_word' id='word_1_248' title='bbox 1048 4557 1180 4612; x_wconf 84' lang='lat' dir='ltr'>Doctoris</span> <span class='ocrx_word' id='word_1_249' title='bbox 1195 4557 1304 4612; x_wconf 79' lang='lat' dir='ltr'>titulum</span> <span class='ocrx_word' id='word_1_250' title='bbox 1321 4558 1437 4612; x_wconf 84' lang='lat' dir='ltr'>sortitus</span> <span class='ocrx_word' id='word_1_251' title='bbox 1453 4558 1594 4614; x_wconf 75' lang='lat' dir='ltr'>amatum</span> 
     </span>
     <span class='ocr_line' id='line_1_36' title="bbox 916 4640 1504 4713; baseline 0.003 -18"><span class='ocrx_word' id='word_1_252' title='bbox 916 4640 1017 4696; x_wconf 79' lang='lat' dir='ltr'>Ordine</span> <span class='ocrx_word' id='word_1_253' title='bbox 1035 4648 1074 4696; x_wconf 72' lang='lat' dir='ltr'>ter</span> <span class='ocrx_word' id='word_1_254' title='bbox 1093 4642 1184 4696; x_wconf 84' lang='lat' dir='ltr'>clarus</span> <span class='ocrx_word' id='word_1_255' title='bbox 1204 4642 1424 4713; x_wconf 65' lang='grc' dir='ltr'>θααιαααανοὴα</span> <span class='ocrx_word' id='word_1_256' title='bbox 1436 4643 1504 4711; x_wconf 85' lang='lat' dir='ltr'>fuit</span> 
     </span>
     <span class='ocr_line' id='line_1_37' title="bbox 879 4724 1607 4798; baseline 0.004 -18"><span class='ocrx_word' id='word_1_257' title='bbox 879 4726 1027 4796; x_wconf 72' lang='lat' dir='ltr'>Explicuit</span> <span class='ocrx_word' id='word_1_258' title='bbox 1045 4724 1140 4781; x_wconf 77' lang='lat' dir='ltr'>dearre</span> <span class='ocrx_word' id='word_1_259' title='bbox 1158 4726 1319 4797; x_wconf 75' lang='lat' dir='ltr'>Scripturas</span> <span class='ocrx_word' id='word_1_260' title='bbox 1336 4727 1466 4798; x_wconf 83' lang='lat' dir='ltr'>doprrota</span> <span class='ocrx_word' id='word_1_261' title='bbox 1484 4727 1607 4793; x_wconf 74' lang='lat' dir='ltr'>Samiae,</span> 
     </span>
     <span class='ocr_line' id='line_1_38' title="bbox 917 4809 1613 4883; baseline 0.006 -18"><span class='ocrx_word' id='word_1_262' title='bbox 917 4809 997 4881; x_wconf 79' lang='lat' dir='ltr'>Quod</span> <span class='ocrx_word' id='word_1_263' title='bbox 1013 4812 1116 4867; x_wconf 84' lang='lat' dir='ltr'>Dauid</span> <span class='ocrx_word' id='word_1_264' title='bbox 1139 4812 1220 4868; x_wconf 78' lang='lat' dir='ltr'>Vates</span> <span class='ocrx_word' id='word_1_265' title='bbox 1234 4814 1374 4883; x_wconf 75' lang='lat' dir='ltr'>pluraque</span> <span class='ocrx_word' id='word_1_266' title='bbox 1389 4815 1495 4883; x_wconf 86' lang='lat' dir='ltr'>scripta</span> <span class='ocrx_word' id='word_1_267' title='bbox 1511 4812 1613 4869; x_wconf 76' lang='lat' dir='ltr'>doceret</span> 
     </span>
     <span class='ocr_line' id='line_1_39' title="bbox 880 4896 1558 4969; baseline 0.007 -19"><span class='ocrx_word' id='word_1_268' title='bbox 880 4896 987 4951; x_wconf 80' lang='lat' dir='ltr'>Maluit</span> <span class='ocrx_word' id='word_1_269' title='bbox 1002 4898 1046 4952; x_wconf 83' lang='lat' dir='ltr'>bic</span> <span class='ocrx_word' id='word_1_270' title='bbox 1061 4903 1162 4967; x_wconf 86' lang='lat' dir='ltr'>pastor</span> <span class='ocrx_word' id='word_1_271' title='bbox 1178 4899 1295 4953; x_wconf 72' lang='lat' dir='ltr'>alacre</span> <span class='ocrx_word' id='word_1_272' title='bbox 1310 4899 1438 4969; x_wconf 82' lang='lat' dir='ltr'>pericula</span> <span class='ocrx_word' id='word_1_273' title='bbox 1454 4900 1558 4966; x_wconf 81' lang='lat' dir='ltr'>mortis,</span> 
     </span>
     <span class='ocr_line' id='line_1_40' title="bbox 917 4982 1553 5055; baseline 0.003 -19"><span class='ocrx_word' id='word_1_274' title='bbox 917 4982 1005 5052; x_wconf 71' lang='grc' dir='ltr'><em>ραααι</em></span> <span class='ocrx_word' id='word_1_275' title='bbox 1020 4984 1074 5038; x_wconf 81' lang='lat' dir='ltr'>arbi</span> <span class='ocrx_word' id='word_1_276' title='bbox 1090 4985 1260 5039; x_wconf 67' lang='lat' dir='ltr'>communem</span> <span class='ocrx_word' id='word_1_277' title='bbox 1277 4985 1427 5040; x_wconf 68' lang='grc' dir='ltr'><em>ἀααααεα</em></span> <span class='ocrx_word' id='word_1_278' title='bbox 1439 5000 1553 5055; x_wconf 75' lang='lat' dir='ltr'>prepara.</span> 
     </span>
     <span class='ocr_line' id='line_1_41' title="bbox 881 5067 1586 5139; baseline 0.004 -16"><span class='ocrx_word' id='word_1_279' title='bbox 881 5067 995 5137; x_wconf 68' lang='lat' dir='ltr'>Spuula</span> <span class='ocrx_word' id='word_1_280' title='bbox 1010 5069 1050 5124; x_wconf 85' lang='lat' dir='ltr'>sic</span> <span class='ocrx_word' id='word_1_281' title='bbox 1067 5071 1164 5124; x_wconf 73' lang='lat' dir='ltr'>morde</span> <span class='ocrx_word' id='word_1_282' title='bbox 1175 5085 1323 5139; x_wconf 76' lang='lat' dir='ltr'>perpacata</span> <span class='ocrx_word' id='word_1_283' title='bbox 1340 5085 1455 5139; x_wconf 70' lang='lat' dir='ltr'>corpme</span> <span class='ocrx_word' id='word_1_284' title='bbox 1473 5076 1586 5136; x_wconf 69' lang='lat' dir='ltr'>matura</span> 
     </span>
     <span class='ocr_line' id='line_1_42' title="bbox 920 5153 1480 5211; baseline 0.002 -3"><span class='ocrx_word' id='word_1_285' title='bbox 920 5153 999 5208; x_wconf 83' lang='lat' dir='ltr'>Vivet</span> <span class='ocrx_word' id='word_1_286' title='bbox 1015 5156 1045 5209; x_wconf 84' lang='lat' dir='ltr'>iu</span> <span class='ocrx_word' id='word_1_287' title='bbox 1064 5162 1188 5210; x_wconf 71' lang='lat' dir='ltr'>aeluros</span> <span class='ocrx_word' id='word_1_288' title='bbox 1206 5155 1302 5209; x_wconf 81' lang='lat' dir='ltr'>umbro</span> <span class='ocrx_word' id='word_1_289' title='bbox 1318 5156 1480 5211; x_wconf 77' lang='lat' dir='ltr'>brotadius.</span> 
     </span>
    </p>
   </div>
   <div class='ocr_carea' id='block_1_7' title="bbox 503 5422 789 5490">
    <p class='ocr_par' dir='ltr' id='par_1_8' title="bbox 503 5422 789 5490">
     <span class='ocr_line' id='line_1_43' title="bbox 503 5422 789 5490; baseline 0.021 -16"><span class='ocrx_word' id='word_1_290' title='bbox 503 5424 530 5490; x_wconf 80' lang='lat'>1)</span> <span class='ocrx_word' id='word_1_291' title='bbox 549 5422 640 5490; x_wconf 78' lang='lat' dir='ltr'>Imago</span> <span class='ocrx_word' id='word_1_292' title='bbox 660 5424 789 5480; x_wconf 77' lang='lat' dir='ltr'>Victoris.</span> 
     </span>
    </p>
   </div>
   <div class='ocr_carea' id='block_1_8' title="bbox 0 0 2721 7267">
    <p class='ocr_par' dir='ltr' id='par_1_9' title="bbox 0 0 2721 7267">
     <span class='ocr_line' id='line_1_44' title="bbox 0 0 2721 7267; baseline 0 0"><span class='ocrx_word' id='word_1_293' title='bbox 0 0 2721 7267; x_wconf 95' lang='lat' dir='ltr'> </span> 
     </span>
    </p>
   </div>
  </div>
 </body>
</html>
