5409 7267
2138 938 2204 1012 111

480 1132 549 1199 sine
577 1148 638 1213 qua
665 1128 742 1194 nihil
770 1129 819 1194 vel
847 1129 987 1211 graviter
1014 1128 1065 1196 vel
1092 1130 1193 1212 ample
1218 1135 1250 1196 et
1276 1130 1401 1213 copiose
1428 1129 1489 1197 dici
1518 1133 1626 1213 potest
1659 1133 1692 1196 et
1724 1130 1886 1214 explicari,
1925 1129 2032 1196 docuit
2060 1130 2212 1215 oemceps.

481 1230 689 1313 Caeteroquin
717 1229 839 1294 etiamsi
866 1228 996 1310 publicis
1021 1229 1069 1294 bis
1095 1230 1227 1313 negotiis
1254 1234 1339 1296 esset
1365 1230 1544 1313 districtus,
1576 1235 1682 1296 tamen
1709 1231 1772 1295 uim
1801 1250 1904 1297 rerum
1932 1231 2214 1313 cognitionemque,

479 1349 560 1415 quae
581 1349 599 1396 e
620 1329 817 1412 philosophia
845 1334 878 1394 et
898 1329 1025 1410 politica
1054 1328 1222 1395 efflorescit
1250 1334 1283 1395 et
1312 1330 1351 1395 ab
1379 1330 1432 1395 illo
1459 1348 1476 1396 e
1504 1329 1577 1411 jure
1604 1330 1761 1411 Romano,
1792 1334 1943 1411 tanquam
1970 1331 2057 1396 fonte
2083 1331 2213 1412 perenni

478 1431 595 1496 hausta
616 1428 730 1509 fuerat,
753 1446 821 1493 cum
840 1430 982 1493 oratione
1001 1429 1118 1495 maiore
1139 1430 1268 1511 cupiens
1288 1429 1330 1494 ad
1351 1447 1504 1494 summam
1525 1429 1555 1496 J.
1575 1429 1614 1496 U.
1636 1429 1776 1495 lauream
1797 1431 1964 1511 aspiravit,
1984 1449 2111 1513 eamque
2132 1447 2214 1496 auno

479 1526 693 1611 MDLXIII1)
721 1546 826 1593 mense
847 1528 963 1611 Aprili,
995 1548 1059 1594 uua
1085 1547 1155 1595 cum
1180 1529 1301 1612 Vigelio
1330 1536 1363 1595 et
1390 1529 1527 1595 Hectore
1554 1547 1574 1593 a
1601 1528 1696 1594 dossa
1717 1528 1926 1611 Oldendorpio
1954 1528 2116 1595 diribitore
2143 1548 2215 1596 con·

479 1633 629 1711 sequutus
652 1627 802 1710 simulque
822 1647 843 1693 a
863 1629 1007 1710 Principe
1028 1630 1112 1694 inter
1131 1630 1249 1713 primos
1271 1630 1383 1695 summi
1401 1628 1580 1694 Tribunalis
1596 1628 1833 1709 Hassiaciquo
1851 1628 1884 1693 in
1901 1629 2020 1694 caussis
2041 1628 2214 1695 forensibus

479 1728 659 1810 provocatio
682 1733 731 1794 est
752 1728 808 1809 iis,
835 1729 888 1810 qui
906 1728 976 1794 aliis
1004 1729 1035 1793 in
1063 1730 1158 1795 curiis
1185 1747 1295 1795 caussa
1315 1730 1508 1811 ceciderunt,
1535 1729 1719 1793 Assessorcs
1739 1727 1839 1793 lectus
1862 1733 1894 1792 et
1915 1746 2066 1795 unacum
2088 1728 2215 1811 collegis

481 1827 621 1910 ejusdem
642 1827 786 1893 Praesidi
806 1828 944 1893 arnoldo
963 1847 984 1893 a
1003 1828 1195 1895 Viermuude
1224 1828 1392 1913 adjunctus
1421 1831 1480 1894 est.
1529 1828 1573 1893 At
1600 1846 1662 1909 qua
1686 1825 1761 1908 fide,
1799 1826 1969 1893 sanctitate
1995 1832 2027 1894 et
2054 1827 2217 1910 diligentia

479 1945 578 2009 nsque
598 1927 639 1992 ad
658 1933 828 1994 extremum
849 1928 992 2010 spiritum
1012 1945 1124 1995 munus
1146 1928 1179 1994 id
1200 1929 1395 2010 sustinuerit,
1416 1926 1467 1993 hic
1487 1927 1589 1993 dicere
1610 1926 1655 1991 nil
1674 1927 1798 1992 attinet.
1839 1927 1989 1993 Forensia
2009 1929 2135 2010 negotia
2153 1946 2216 1994 non

480 2025 612 2093 infinitis
640 2028 968 2109 concertationumque
992 2029 1094 2110 plenis
1123 2028 1406 2110 disputationibus,
1447 2028 1504 2094 sed
1531 2026 1720 2092 auctoritate
1749 2027 1916 2109 praecipue
1946 2031 1980 2093 et
2006 2035 2083 2094 nutu
2113 2028 2216 2109 legum

482 2128 698 2193 constituebat
720 2133 752 2193 et
774 2127 816 2192 ab
838 2128 947 2193 alienis
968 2132 1120 2210 mentem,
1152 2128 1273 2209 oculos,
1304 2145 1432 2193 manum
1453 2127 1647 2209 abstinebat,
1674 2130 1712 2193 nt
1734 2145 1805 2192 eum
1826 2128 1892 2193 veri
1913 2126 2001 2193 ,luris
2024 2132 2057 2193 et
2074 2128 2216 2211 justitiae

482 2227 677 2294 sacerdotem
707 2227 866 2309 appellare
892 2227 1002 2309 possis.
1051 2229 1089 2294 In
1116 2229 1245 2311 Republ.
1283 2245 1406 2310 quoque
1432 2226 1617 2293 Academica
1652 2226 1796 2308 quintum
1822 2226 1955 2297 Rector.
1991 2224 2137 2293 Decanus
2167 2232 2217 2294 ter

481 2333 632 2410 quaterve
657 2332 691 2392 et
713 2327 835 2393 demum
856 2328 951 2392 etiam
972 2327 1110 2410 eiusdem
1131 2328 1298 2410 syndicus,
1325 2344 1406 2409 quas
1433 2332 1541 2409 partes
1569 2345 1652 2391 anno
1673 2326 1839 2391 MDLXVI
1856 2326 1985 2407 jubente
2004 2328 2051 2392 ita
2072 2328 2216 2411 Principe

481 2427 621 2508 suscepit
641 2425 778 2509 primus,
799 2428 846 2492 ita
862 2443 920 2507 pro
941 2426 1042 2492 saluts
1063 2427 1207 2511 publica,
1228 2427 1318 2510 cujus
1338 2445 1403 2492 non
1422 2426 1550 2491 minima
1572 2443 1647 2507 pars
1668 2426 1702 2490 in
1723 2426 1918 2491 instituenda
1938 2427 2116 2509 cumprimis
2131 2433 2217 2494 recte

478 2528 643 2609 Juventute
664 2527 814 2608 vertitur,
835 2524 981 2592 excubuit
1001 2531 1034 2592 et
1052 2528 1202 2610 vigilavit,
1222 2533 1260 2593 ut
1277 2526 1354 2593 nihil
1378 2528 1542 2610 quicquam
1565 2544 1671 2591 eorum
1694 2526 1863 2604 omitteret,
1887 2543 1968 2607 quae
1988 2526 2028 2592 ad
2043 2527 2216 2609 juventutis

482 2625 588 2691 studia
609 2624 821 2706 promovenda
846 2643 969 2707 quoquo
995 2627 1088 2693 modo
1112 2626 1214 2693 facere
1240 2627 1431 2693 viderentur.
1480 2626 1620 2707 Ideoque
1640 2642 1710 2690 cum
1729 2624 1919 2707 perspiceret
1942 2626 2065 2691 omnino
2086 2625 2216 2693 facilee

478 2726 655 2810 juventutis
676 2742 735 2790 usu
755 2742 817 2789 non
838 2743 921 2806 esse,
950 2726 977 2790 si
996 2725 1134 2807 ejusdem
1159 2726 1315 2793 industria
1342 2727 1437 2792 nullis
1459 2726 1657 2792 scientiarum
1678 2724 1823 2790 cancellis
1852 2729 1885 2789 et
1910 2724 2060 2791 limitibus
2088 2727 2216 2792 circnm-

482 2826 600 2907 scripta
616 2823 889 2904 distraheretur2)
916 2825 948 2889 in
970 2826 1075 2908 plura,
1101 2825 1133 2892 id
1153 2825 1347 2892 authoritate
1371 2825 1472 2891 effecit
1493 2844 1567 2905 sua,
1596 2829 1633 2890 ut
1652 2824 1802 2906 cujusque
1833 2824 1947 2889 aetatis
1975 2828 2009 2890 et
2035 2825 2217 2907 disciplinae

481 2942 630 3007 synopses
650 2928 684 2989 et
703 2924 857 3005 epitomae
886 2929 971 2989 certo
1000 2925 1111 2991 ordine
1134 2924 1311 3014 descriptae
1339 2930 1373 2991 et
1399 2923 1602 3005 informatae,
1640 2922 1781 3004 adeoque
1807 2922 1903 2988 veluti
1931 2922 2066 2989 audficis
2093 2929 2216 2991 statera

482 3026 603 3107 aliqua,
631 3042 695 3089 non
715 3028 822 3090 autem
843 3023 989 3105 poptdarr'
1017 3024 1154 3106 quadam
1180 3025 1303 3090 trutina
1324 3025 1519 3090 examinatae
1543 3026 1792 3104 proponerentur
1811 3020 1948 3104 publice,
1979 3023 2131 3104 equibus
2152 3026 2216 3090 ista

482 3143 544 3190 uno
586 3125 676 3206 quasi
717 3123 832 3188 intuitu
875 3125 937 3188 vim
970 3129 1178 3206 naturamque
1218 3143 1321 3190 rerum
1358 3124 1495 3189 scientiis
1541 3128 1574 3187 et
1609 3121 1778 3203 disciplinis
1815 3121 1890 3203 ipsis
1926 3122 2218 3203 comprehensarum

481 3224 681 3307 perspiceret,
706 3227 860 3306 tantoque
881 3227 983 3289 artem
1003 3223 1174 3305 quamlibet
1194 3225 1297 3290 animo
1315 3224 1574 3305 complecteretur
1593 3220 1725 3287 facilius.
1767 3220 1870 3303 Atque
1890 3220 1973 3285 inter
1992 3221 2071 3287 istas
2092 3224 2217 3304 quidem

482 3342 574 3390 curas
596 3324 878 3405 cogitationesque,
903 3324 1008 3389 studia
1028 3330 1061 3388 et
1078 3325 1122 3389 rei
1142 3324 1328 3388 domesticae
1353 3323 1552 3386 difficultates
1575 3339 1669 3402 quum
1688 3322 1881 3400 ASSPSSOris‚
1902 3320 2070 3403 Senatoris,
2091 3322 2218 3406 Decani,

482 3424 625 3490 Rectoris
645 3428 677 3487 et
697 3423 889 3488 Prorectoris
909 3422 1093 3501 dignitatem
1119 3439 1181 3485 non
1212 3422 1279 3485 sine
1304 3419 1393 3500 fidei,
1423 3420 1599 3484 sedulitatis
1630 3424 1664 3482 et
1692 3417 1863 3483 industriae
1891 3417 1983 3483 laude
2006 3421 2216 3503 sustinuisset,

482 3540 675 3604 operamque
696 3539 784 3586 suam
806 3538 904 3584 annos
923 3520 994 3599 plus
1015 3521 1117 3583 minus
1139 3518 1244 3584 XLIII
1266 3517 1397 3600 Reipub.
1417 3523 1581 3597 navasset,
1600 3533 1682 3580 anno
1705 3516 1820 3582 Salutis
1833 3516 2050 3589 MDLXXX³l
2069 3520 2216 3587 catarrho

482 3621 665 3703 epidemico,
703 3620 757 3699 qui
794 3618 1013 3700 universam)
1050 3618 1274 3698 propemodum
1307 3621 1491 3699 pervaserat
1524 3616 1695 3697 Europam,
1729 3620 1891 3696 correptus
1919 3616 2041 3683 XXIIII
2069 3620 2216 3685 Novemb.

482 3709 661 3801 supremum
676 3717 753 3782 illud
768 3717 858 3783 inivit
871 3717 941 3797 iter,
963 3735 1025 3798 quo
1047 3716 1185 3782 conlecto
1206 3715 1291 3782 nulla
1312 3716 1444 3797 amplius
1466 3734 1541 3781 cura
1561 3720 1618 3780 aut
1639 3714 1804 3780 solicitudo
1825 3715 1945 3796 reliqua
1965 3723 2024 3799 est,
2047 3718 2161 3801 liberis,
2182 3722 2215 3786 in

482 3819 598 3902 quibus
629 3835 697 3883 cum
728 3817 860 3882 nominis
888 3818 1053 3900 memoria,
1089 3821 1157 3881 tum
1184 3834 1259 3882 vero
1287 3818 1412 3898 generis
1439 3815 1572 3881 frrlcrum
1604 3815 1739 3897 positum
1771 3820 1836 3897 est,
1875 3816 2037 3897 digmtatis
2065 3825 2219 3900 pateruae

376 3972 385 3978 .
482 3918 611 3985 aemulis
641 3923 673 3981 et
701 3917 784 3982 omni
811 3915 1013 3982 honestarum
1040 3917 1157 3982 artium
1187 3935 1300 3997 genere
1331 3935 1395 3982 non
1422 3916 1619 3982 mediocriter
1648 3915 1783 3981 versatis
1812 3916 2046 3999 superstitibus,
2075 3919 2217 4002 Philippo

484 4017 644 4083 Matthaeo
666 4016 697 4081 J.
720 4016 759 4081 U.
782 4017 820 4081 D.
844 4034 1037 4097 successore,
1066 4016 1201 4082 Henricc
1228 4016 1417 4082 Ecclesiaste
1446 4016 1608 4097 Palatino,
1641 4014 1763 4080 Joanne
1791 4015 1957 4080 Archiatro
1985 4017 2154 4084 Nassovioo
2183 4025 2218 4085 et

481 4118 618 4183 Antonio
638 4116 696 4183 JO.
721 4121 754 4181 et
773 4116 870 4182 Acad.
891 4116 991 4198 Marp.
1014 4116 1246 4198 Professore³),
1268 4122 1304 4181 ut
1325 4135 1388 4182 non
1409 4117 1563 4181 immerito
1585 4132 1657 4180 cum
1677 4115 1776 4179 Bruto
1798 4113 1881 4194 apud
1904 4113 2083 4182 Ciceronem
2103 4117 2156 4183 lib.
2178 4118 2217 4185 de

482 4217 557 4283 clar.
579 4216 756 4282 oratoribus
777 4216 949 4282 exclamare
968 4215 1077 4281 liceat:
1109 4233 1335 4297 ogenerosam
1364 4216 1509 4299 stirpem,
1536 4220 1570 4281 et
1595 4220 1748 4297 tunquam
1775 4214 1807 4278 in
1835 4231 1929 4278 unam
1957 4216 2102 4283 arborem
2126 4218 2219 4299 plura

484 4334 617 4398 genera,
639 4317 683 4382 sic
704 4315 737 4380 in
757 4316 851 4382 istam
866 4314 991 4381 domum
1007 4315 1178 4381 multorum
1198 4316 1325 4381 insitam
1346 4316 1543 4397 sapientiam.
1586 4314 1727 4381 Cadaver
1743 4314 1776 4377 in
1791 4330 1912 4380 summo
1929 4316 2046 4398 templo
2062 4317 2218 4383 conditum

483 4419 516 4484 in
539 4435 594 4501 spe
616 4415 853 4483 resurrectionis
873 4414 1000 4481 futurae
1019 4416 1195 4496 requiescit.
1238 4415 1315 4498 Ejus
1335 4414 1447 4497 effigiei
1467 4413 1613 4497 Paganus
1633 4414 1710 4479 baec
1730 4411 1876 4495 subjecit:

964 4516 1126 4572 Pramnos
1143 4530 1251 4570 comosa
1269 4515 1369 4570 Pullos
1389 4515 1516 4569 latonia
1534 4514 1627 4569 uultur

997 4602 1033 4656 Ia
1050 4604 1124 4656 notia
1135 4601 1206 4671 fixit
1224 4601 1328 4657 lumino
1345 4602 1446 4672 qlouoo
1464 4603 1552 4671 typis:

962 4690 1054 4756 Atque
1070 4688 1123 4754 ott,
1147 4702 1267 4758 oqoosco
1284 4690 1383 4743 veterio
1400 4690 1515 4758 omapio
1524 4688 1643 4757 soranae,

1000 4774 1151 4828 Formutor
1166 4775 1258 4845 propia
1276 4779 1317 4829 cat
1334 4776 1455 4844 optimus
1470 4774 1517 4829 ille
1533 4774 1593 4828 orei.

966 4858 989 4915 0
1007 4866 1125 4929 pacator
1138 4877 1194 4931 pro
1209 4877 1265 4928 mc,
1284 4867 1386 4930 quanto
1404 4860 1504 4916 sudore
1522 4860 1628 4915 labores
1663 4845 1678 4880 ⁰

999 4946 1134 5014 Pertulit,
1152 4947 1181 5001 in
1197 4948 1302 5003 Martia
1320 4946 1385 5001 dum
1400 4948 1471 5019 repit
1488 4948 1554 5001 urbe
1571 4946 1692 5003 &bolus

582 5135 610 5205 l)
629 5134 708 5190 Hunc
727 5149 827 5189 annum
846 5147 862 5189 a
879 5131 958 5202 copii
982 5132 1105 5188 oratione
1126 5131 1222 5188 sumsit
1239 5131 1311 5201 Dii,
1338 5131 1387 5187 aad
1411 5147 1503 5187 rerum
1527 5146 1589 5187 esse
1607 5131 1754 5187 MDLXIV
1781 5137 1810 5187 et
1832 5130 1957 5187 Annales
1986 5132 2062 5188 acad.
2087 5131 2221 5191 docente

480 5221 587 5292 Pagani
606 5236 713 5276 carmen
730 5218 945 5290 mundatorium,
963 5235 1017 5289 quo
1035 5216 1134 5274 Stried.
1152 5234 1217 5274 usus
1236 5224 1287 5273 est

631 5306 695 5362 God.
715 5307 890 5361 distrahetur.

580 5308 611 5463 ἐξ
627 5392 681 5448 Dil.
699 5408 750 5461 per
767 5408 886 5449 amorem
903 5390 1074 5448 manifestum
1089 5389 1198 5461 scripsit
1211 5388 1374 5446 Manno.
1407 5388 1452 5445 Dc
1470 5389 1531 5459 ipso
1549 5406 1619 5448 anno
1636 5391 1714 5448 nulla
1731 5397 1775 5448 est
1791 5390 1933 5448 dubitatio.

579 5481 610 5550 4)

579 5567 609 5636 b)
627 5478 877 5638 ggffbaunltl'rwo
892 5596 926 5607 -
944 5564 1108 5636 Profmoro
1124 5562 1160 5620 ab
1177 5562 1239 5634 ipso
1255 5562 1376 5620 Dilichio
1395 5563 1424 5619 ln
1441 5562 1563 5634 mmqlna
1579 5562 1672 5622 addita
1687 5569 1758 5621 sunt
