5409 7267
1121 1102 1165 1170 ll.
1186 1103 1412 1171 Benedictus
1432 1105 1581 1173 Aretius

581 1268 746 1334 Helvetius
768 1267 905 1349 natione,
927 1267 1031 1349 patria
1047 1268 1166 1335 &ruas
1186 1267 1371 1353 multijugae
1390 1273 1424 1334 et
1436 1270 1464 1350 ¹)
1490 1272 1650 1349 specteme
1670 1266 1855 1332 eruditionis
1879 1266 1928 1331 rir
1950 1266 1982 1332 in
1997 1265 2040 1332 hh
2054 1265 2223 1349 Rudolpbi,

485 1385 582 1451 quum
603 1369 630 1434 is
652 1386 734 1434 anno
756 1367 938 1433 MDXLIIX
957 1367 1164 1450 Fridbergam
1181 1367 1324 1449 abiisset,
1352 1367 1455 1433 locum
1476 1366 1625 1433 suffectus
1645 1365 1862 1450 Philosophiae
1881 1370 2005 1447 partem
2024 1383 2110 1447 mm,
2142 1384 2223 1449 quae

485 1469 517 1533 in
539 1468 661 1533 ratione
683 1471 716 1533 et
737 1466 917 1532 disserendo
936 1467 1039 1548 posita
1060 1472 1126 1549 est,
1155 1467 1202 1533 ita
1222 1466 1387 1548 metavit,
1413 1472 1450 1533 ut
1470 1466 1588 1548 ingenii
1608 1484 1739 1533 acumen
1762 1471 1797 1532 et
1816 1464 1950 1531 hominis
1971 1466 2223 1532 moderationem

486 1573 580 1650 atque
602 1567 786 1649 sapientiam
807 1565 1037 1632 admirarentur
1065 1583 1180 1633 omnes.
1237 1565 1376 1648 Ideoque
1404 1566 1432 1631 si
1459 1565 1525 1631 viro
1553 1566 1664 1649 pedem
1690 1565 1742 1632 hic
1768 1564 1864 1646 figere
1889 1564 2047 1648 libuisset,
2074 1563 2160 1630 forte
2181 1584 2222 1632 an

484 1667 598 1749 eidem,
626 1665 709 1748 quod
729 1665 844 1731 alicubi
864 1666 911 1730 ait
931 1665 1088 1748 Tibullus,
1118 1666 1216 1731 niveis
1238 1665 1346 1731 Delius
1367 1665 1494 1731 alitibus
1516 1664 1654 1732 fulsisset
1668 1665 1712 1749 ²).
1754 1666 1797 1730 At
1825 1682 1894 1730 cum
1920 1664 2072 1745 majorem
2099 1665 2222 1746 patriae

421 1753 426 1766 ’
485 1766 638 1831 rationem
662 1764 807 1846 haberet,
828 1764 966 1847 ejusdem
986 1782 1091 1831 amore
1111 1764 1184 1830 hinc
1204 1764 1381 1831 abstractus
1401 1764 1527 1830 domum
1546 1765 1651 1846 rediit,
1671 1764 1861 1846 tandemque
1880 1763 1967 1829 verbi
1987 1763 2085 1829 divini
2105 1765 2223 1831 Ductor

484 1872 518 1930 et
547 1883 659 1947 praeco
691 1882 774 1929 anno
801 1862 995 1930 MDLXXIV
1024 1865 1141 1948 Aprilis
1169 1864 1272 1946 XH³)
1309 1864 1452 1930 occubuit
1485 1863 1586 1930 isthic.
1643 1864 1767 1958 Scripta
1798 1864 1864 1946 eius
1897 1863 1990 1944 plena
2023 1863 2223 1959 prudentiae,

485 1965 658 2046 sapientiae
678 1969 711 2029 et
730 1965 859 2046 pietatis
881 1964 1087 2046 aTteologis
1108 1965 1279 2030 etiamnum
1298 1963 1331 2028 in
1350 1964 1455 2045 precio
1476 1964 1648 2044 habentur,
1677 1962 1850 2048 quusmodi
1869 1967 1944 2029 sunt
1964 1961 2069 2029 Sana
2090 1963 2222 2029 Proble

484 2071 574 2131 mato
606 2064 709 2131 tritas
738 2064 974 2147 σοιηρνειιιιιεαε
1003 2064 1239 2132 Commentario
1265 2065 1302 2129 in
1328 2062 1446 2131 Βαονοε
1472 2063 1603 2131 Codices
1630 2070 1661 2131 ct
1682 2062 1864 2132 Meneta.
1914 2061 2038 2129 Nemini
2065 2063 2134 2143 ejus
2164 2061 2222 2128 hoc

388 2166 389 2169 ’
484 2164 681 2231 comanae
701 2162 867 2231 Goelenius
890 2163 1000 2231 Senior
1021 2162 1385 2247 hexametroJ'ambicum:

465 2244 476 2264 ⁹
965 2265 1084 2320 Nomine
1099 2279 1181 2332 reque
1194 2264 1256 2332 suit
1271 2261 1436 2316 Benedictus
1453 2261 1652 2318 arianista

999 2351 1099 2406 Nostri
1116 2350 1224 2419 Sopboe
1242 2348 1429 2403 Hammone
1446 2347 1593 2417 Gymnad

965 2436 1073 2492 Scilicet
1091 2437 1184 2492 omnio
1199 2436 1230 2490 in
1246 2436 1297 2489 boe
1313 2433 1527 2488 BENEDixit:
1544 2448 1646 2503 mopere
1663 2431 1784 2488 ᾶοοειιιίε

998 2523 1040 2577 Et
1057 2538 1076 2577 a
1093 2522 1170 2577 bona
1189 2519 1305 2575 naon
1321 2522 1427 2589 pausian
1441 2520 1542 2590 pruna

968 2609 1055 2665 Tanto
1074 2608 1146 2663 elios
1165 2607 1268 2677 leqicoe
1285 2606 1407 2662 antarbot
1425 2606 1548 2661 waninc
1562 2603 1669 2669 dextra

1000 2696 1125 2765 Reliquis
1144 2694 1219 2765 qais
1237 2698 1370 2763 quantam
1382 2692 1512 2763 praeta
1531 2692 1661 2761 chcsus.

1111 2958 1310 3060 Conradus
1333 2957 1590 3041 Matthaeus⁴)

582 3113 767 3195 Alsieldiae,
796 3115 880 3196 quod
908 3114 1041 3181 Hmsiae
1071 3113 1245 3196 Superioris
1276 3132 1339 3179 nou
1370 3114 1533 3179 obscurum
1563 3114 1724 3195 oppidum,
1763 3118 1856 3179 natus
1883 3131 1965 3179 anno
1988 3113 2129 3181 MDXIX
2158 3136 2221 3183 non

483 3214 592 3294 ignota
612 3212 829 3279 Mathaeorum
854 3213 986 3294 familia,
1015 3214 1267 3295 quamprimum
1293 3231 1349 3294 per
1379 3218 1516 3277 aetatem
1544 3214 1647 3295 potuit
1676 3213 1907 3295 aparentibus
1934 3214 1996 3295 piis
2023 3212 2124 3279 etde
2152 3207 2218 3285 tilio

483 3316 567 3377 recte
592 3311 752 3378 educando
780 3313 909 3379 solicitis
933 3313 967 3378 in
993 3313 1097 3394 patria
1123 3312 1232 3379 schola
1253 3311 1417 3394 Magistris
1444 3312 1582 3378 traditus
1604 3311 1839 3378 Grammaticus
1867 3312 1964 3378 initiis
1986 3312 2088 3379 imbui
2109 3317 2216 3399 coepit

482 3409 688 3476 Postmodum
710 3430 806 3494 quum
826 3412 1051 3496 Marpurgense
1072 3412 1249 3495 aperiretur
1269 3412 1436 3495 Lycaeum,
1459 3413 1575 3477 aetatis
1595 3429 1677 3478 anno
1697 3412 1759 3477 XII
1779 3430 1815 3478 eo
1836 3412 1959 3491 mimus,
1978 3420 2015 3477 ut
2033 3433 2116 3496 quae
2137 3416 2220 3484 domi

483 3509 651 3594 didicerat,
681 3512 743 3576 illic
765 3512 798 3576 iu
819 3512 1024 3596 Paedagogeo
1045 3512 1201 3578 excoleret
1222 3511 1363 3594 uberius,
1392 3529 1543 3594 usumque
1569 3513 1672 3593 ipsum
1699 3513 1885 3596 perciperet
1935 3512 1986 3578 Sic
2014 3516 2124 3599 itaque
2151 3535 2220 3584 curm

481 3610 639 3677 biennium
660 3611 718 3677 hoc
738 3613 771 3676 in
792 3612 895 3677 stadio
917 3612 1109 3694 laborasset,
1137 3617 1174 3677 ut
1192 3612 1326 3693 primum
1352 3628 1391 3677 ex
1418 3612 1527 3693 pueris
1555 3613 1706 3694 excessit,
1734 3630 1773 3677 ex
1793 3611 1852 3678 boc
1872 3611 2002 3695 pulvere
2023 3613 2220 3697 eluctatus⁸)

481 3715 516 3775 et
536 3711 578 3774 ad
599 3709 740 3791 publicas
759 3709 914 3776 admissus
936 3711 1101 3792 lectiones,
1129 3712 1240 3794 majori
1261 3728 1331 3775 sese
1352 3729 1448 3792 opera
1472 3711 1514 3776 ad
1534 3711 1738 3793 audiendum,
1770 3710 1935 3793 legendum
1961 3712 2221 3797 scdbeudumque

481 3807 602 3874 dedidit
622 3826 659 3874 eo
681 3826 841 3891 successu,
861 3814 898 3876 ut
919 3810 1053 3875 triennio
1074 3815 1148 3891 post
1166 3809 1251 3875 illius
1271 3809 1368 3874 seculi
1386 3828 1473 3875 more
1493 3811 1608 3892 prima,
1631 3829 1724 3893 quam
1744 3810 2006 3877 Baocalaureatus
2027 3817 2158 3894 vocant,
2187 3819 2222 3879 et

483 3908 582 3973 altero
604 3907 729 3973 biennio
751 3914 877 3990 exacto,
898 3926 995 3991 quum
1011 3909 1078 3991 J'am
1100 3908 1191 3974 XIIX
1213 3912 1298 3974 esset
1317 3913 1413 3974 natus
1433 3926 1541 3993 annos,
1564 3910 1700 3974 secunda
1721 3909 1839 3991 laurea,
1861 3928 1943 3992 quae
1963 3909 2137 3992 Magisterii
2157 3912 2221 3978 dici

481 4008 574 4089 solet,
594 4008 772 4073 donaretur.
814 4008 919 4090 Atque
939 4010 984 4073 ita
1004 4007 1127 4089 quidem
1142 4007 1231 4073 brevi
1251 4007 1402 4088 temporis
1422 4009 1526 4088 specio
1547 4009 1787 4091 encyclopaedia
1805 4009 1950 4075 absoluta
1971 4028 2007 4075 eo
2027 4010 2103 4091 ipso,
2124 4029 2219 4093 quem

482 4107 631 4188 diximus,
658 4125 741 4175 anno
763 4109 795 4172 iu
817 4107 1022 4189 Paedagogeo
1044 4124 1098 4173 eas
1120 4111 1225 4189 artae,
1260 4107 1373 4189 quibus
1394 4112 1484 4173 aetas
1505 4108 1634 4191 puerilis
1653 4109 1695 4174 ad
1716 4108 1944 4174 humanitatem
1964 4109 2126 4175 informari
2147 4129 2218 4176 con

482 4206 600 4288 suevit,
629 4208 753 4273 medere
776 4208 896 4290 coepit,
924 4224 1023 4289 eoque
1046 4207 1079 4270 iu
1100 4224 1226 4272 munere
1254 4205 1371 4272 difficili
1398 4224 1474 4272 sane
1501 4212 1535 4272 et
1555 4225 1703 4289 perquam
1723 4208 1872 4290 molesto,
1902 4227 1982 4290 uon,
2008 4209 2093 4292 quod
2120 4210 2219 4276 infimi

481 4306 584 4371 solent
610 4306 765 4388 homiues,
795 4308 894 4373 veluti
917 4306 1095 4372 mercedula
1121 4306 1229 4388 aliqua
1255 4305 1426 4383 adductus,
1462 4306 1518 4372 sed
1547 4313 1699 4388 tanquam
1727 4308 1755 4373 is
1786 4308 1839 4388 qui
1863 4308 2020 4390 publicam
2048 4309 2218 4375 uhlimtem

480 4406 611 4487 privatis
632 4406 799 4471 commodis
821 4412 1014 4489 anteponens
1036 4407 1070 4472 iu
1093 4406 1211 4472 mculto
1232 4410 1266 4472 et
1285 4405 1434 4471 derelicto
1462 4405 1529 4471 solo
1555 4412 1674 4471 sereret
1696 4406 1845 4489 fideliter,
1871 4425 1970 4489 equo
1992 4408 2166 4475 uberrimos
2186 4415 2219 4475 et

480 4503 667 4571 laetissimos
695 4504 816 4572 tructus
842 4505 1009 4587 aliquando
1037 4503 1135 4571 ferret
1161 4505 1300 4571 Ecclesia
1323 4509 1357 4570 et
1376 4505 1578 4587 Respublica,
1610 4506 1656 4571 Xl
1676 4525 1775 4572 annos
1803 4513 1946 4573 versatus
1974 4513 2034 4573 est
2081 4508 2217 4592 Ideoque

480 4621 574 4685 quum
601 4603 787 4670 Academiae
812 4604 954 4687 patribus
983 4605 1170 4671 industriam
1199 4603 1321 4669 fidelem
1348 4622 1386 4670 ac
1414 4603 1605 4686 diligentiam
1634 4607 1712 4672 setis
1743 4624 1900 4689 superque
1926 4606 2150 4689 approbasset,
2176 4607 2216 4674 ab

480 4703 588 4769 iisdem
610 4703 762 4787 Principis
790 4704 986 4771 authoritate
1013 4704 1242 4786 intercedente,
1270 4721 1353 4769 anno
1374 4703 1481 4771 MDLI
1508 4704 1540 4769 in
1561 4704 1778 4773 Professomm
1800 4723 1963 4772 numerum
1990 4711 2156 4789 cooptatus
2184 4713 2218 4773 et

480 4801 636 4885 historias
657 4803 769 4885 quibus
787 4822 894 4870 rerum
915 4808 1055 4870 veterum
1076 4821 1147 4870 cum
1167 4802 1324 4884 superiore
1347 4807 1454 4869 aetate
1474 4805 1653 4871 contexitur
1672 4806 1832 4886 memoria,
1853 4805 2010 4890 applicare
2027 4807 2137 4889 jussus
2158 4813 2216 4873 est.

479 4900 523 4967 At
543 4918 638 4982 quum
658 4920 740 4968 anno
760 4904 853 4969 tertio
878 4907 953 4986 post
971 4903 1133 4988 Rodingirs
1151 4902 1350 4985 Melsungam
1377 4902 1524 4986 abiisset,
1557 4905 1593 4971 in
1614 4904 1683 4989 eius
1711 4904 1813 4974 locum
1842 4904 1994 4974 sudatus
2015 4906 2216 4989 Rhetoricae,

579 5101 608 5170 l)
626 5099 718 5170 Imago
736 5099 831 5158 Aretii.

578 5186 609 5255 n)
627 5185 726 5241 Tituli.
743 5187 792 5257 ιιι
809 5189 832 5257 o,
852 5189 877 5243 a.

577 5273 607 5341 3)
625 5272 670 5327 Sic
688 5272 755 5344 Dil,
776 5287 856 5341 quem
874 5272 1011 5328 lheherus
1028 5269 1163 5342 sequitur,
1181 5270 1296 5327 torum
1312 5287 1363 5342 per
1381 5274 1478 5330 calami
1495 5273 1615 5346 lapsum3
1634 5289 1696 5331 nam
1713 5272 1838 5344 llrgidius
1859 5272 1885 5330 d
1902 5272 1984 5329 xxti
2000 5272 2111 5345 Aprilis
2124 5274 2216 5330 habet

576 5360 607 5426 4)
624 5357 657 5413 In
673 5359 725 5414 hac
742 5358 797 5413 rita
814 5357 898 5429 paulo
916 5356 1028 5415 uberius
1045 5355 1224 5414 &enitendo
1241 5356 1295 5415 Dil.
1313 5374 1380 5417 usus
1401 5375 1462 5418 esse
1478 5360 1584 5418 ridetur
1601 5362 1681 5419 Bern.
1700 5359 1782 5432 capii
1798 5360 1924 5419 oratione
1950 5359 1986 5417 de
2009 5360 2065 5417 rita
2090 5365 2119 5419 at
2140 5358 2216 5417 obitr

479 5441 509 5502 (t.
526 5441 668 5500 Matthaei.
688 5443 812 5502 Francoi.
832 5447 906 5502 1581.
925 5448 950 5503 t

581 5529 611 5599 b)
629 5528 720 5601 Imago
736 5529 878 5588 Matthaei
