5409 7267
964 1162 1187 1230 Jareperitoracn
1200 1161 1284 1230 fana
1301 1178 1317 1217 o
1337 1168 1379 1218 ter
1394 1164 1520 1217 manino
1535 1163 1669 1233 fratrum,

999 1248 1152 1302 Lersnerae
1167 1248 1257 1317 pontis
1272 1248 1365 1303 nobile
1382 1249 1455 1303 Jane
1472 1248 1561 1304 meae.

966 1332 1008 1386 Pa
1026 1333 1087 1388 cita
1104 1332 1205 1402 dipnas
1216 1334 1380 1404 praetonpa,
1399 1336 1430 1388 in
1442 1335 1517 1403 flore
1528 1334 1668 1402 monetae,

998 1418 1064 1473 Rea
1080 1417 1165 1484 eadm,
1184 1433 1200 1472 c
1215 1420 1330 1488 patriae
1348 1419 1496 1490 splendida
1509 1421 1594 1488 fana
1612 1426 1683 1475 tuac

967 1503 1003 1557 Tc
1019 1504 1151 1574 rapait1)
1168 1504 1258 1560 sabito
1275 1521 1350 1561 mors
1369 1507 1538 1575 impartiens,
1555 1507 1670 1575 fattarae

997 1590 1108 1659 dopna
1121 1605 1182 1645 sors
1198 1592 1313 1646 nimina
1324 1592 1466 1660 fratn'trcs
1483 1593 1536 1647 illa
1553 1593 1616 1648 tais.

967 1676 1003 1729 Te
1020 1677 1175 1731 mirabatur
1184 1677 1312 1745 juvenem
1328 1694 1410 1734 sacra
1422 1679 1493 1746 jara
1511 1679 1648 1735 docentem

998 1762 1249 1832 Martispnrpensis
1270 1771 1329 1820 tota
1348 1781 1451 1820 corona
1471 1766 1589 1820 scholae.

964 1847 1107 1916 Principis
1124 1849 1243 1905 illustris
1262 1857 1293 1905 tn
1309 1868 1411 1921 maaria
1428 1852 1542 1921 necocia
1560 1850 1656 1905 dentre

1001 1933 1136 2000 Portasti,
1154 1951 1223 1991 cano
1241 1937 1291 1991 cicc
1309 1937 1434 1992 obeunda
1452 1938 1518 1992 seni.

963 2018 1108 2074 Buccellas
1125 2022 1212 2091 icitur
1230 2030 1373 2078 connacta
1387 2024 1467 2092 febre
1483 2038 1591 2077 reverso

999 2104 1125 2161 Stamina
1139 2108 1248 2175 fatales
1266 2109 1418 2165 dissecuere
1435 2109 1521 2165 Deae,

1092 2336 1312 2403 Ambrosius
1346 2339 1612 2422 Schurerns2).

603 2493 694 2560 Hunc
716 2494 745 2559 J.
766 2494 804 2560 U.
826 2496 865 2560 D.
885 2496 1053 2564 Academia
1080 2500 1160 2567 haec
1188 2507 1299 2568 nostra
1319 2503 1448 2569 aliunde
1469 2508 1632 2570 evocatum
1653 2502 1792 2583 excepit,
1820 2501 1948 2582 ejmque
1968 2496 2133 2579 praecipue
2153 2513 2225 2560 eru-

480 2595 647 2675 ditionem,
667 2595 784 2676 ingenii
806 2596 1003 2664 altentatem
1016 2599 1045 2681 ³)
1068 2606 1101 2665 et
1120 2602 1297 2684 memoriae,
1320 2620 1384 2683 qua
1405 2602 1545 2685 pollebat
1565 2603 1747 2685 plurimum,
1769 2597 2047 2682 promptitudinem
2067 2594 2224 2659 admirata

481 2713 543 2759 non
563 2693 730 2760 admodum
754 2693 832 2761 fovit
853 2696 916 2763 diu.
966 2697 1047 2763 Nam
1077 2718 1095 2765 e
1115 2700 1270 2766 subselliis
1290 2702 1486 2770 Academicis
1511 2704 1545 2769 in
1566 2704 1663 2768 solem
1684 2700 1836 2783 prooessit
1858 2702 1891 2763 et
1911 2696 2078 2778 pulverem,
2104 2710 2168 2758 non
2189 2697 2226 2758 ut

479 2794 610 2860 militari
631 2793 844 2876 tabernaculo,
866 2796 921 2861 sed
941 2803 978 2861 ut
1000 2817 1018 2863 e
1038 2794 1289 2866 doctissimorum
1307 2802 1387 2883 juris
1409 2803 1624 2869 consultorum
1646 2797 1842 2878 umbraculis
1864 2801 1897 2862 et
1919 2793 2072 2877 syndicus
2094 2791 2225 2873 Reipub.

479 2892 688 2959 Erfurdianae
715 2894 849 2959 consiliis
877 2900 910 2959 et
939 2897 1081 2963 oratione
1108 2900 1276 2982 praecipue
1305 2900 1476 2968 inservivit.
1532 2902 1592 2967 Jus
1621 2902 1725 2982 ipsum
1757 2897 1945 2965 Saxonicum
1972 2892 2149 2974 complexus
2177 2896 2226 2957 est

479 2992 569 3074 libro,
591 3010 653 3073 quo
675 2993 813 3075 sJusdem
835 3012 904 3060 cum
921 2996 992 3076 jure
1014 2994 1103 3061 Civili
1124 3016 1306 3066 consensum
1328 3001 1423 3067 docet
1450 3006 1484 3067 et
1505 3001 1637 3083 digitum
1654 2999 1850 3083 potissimum
1873 2995 1913 3061 ad
1935 2994 2092 3059 achonum
2111 2992 2225 3056 fonnis

480 3092 625 3173 intendit,
646 3093 692 3158 ita
713 3100 748 3159 nt
770 3093 845 3158 nihil
865 3093 1040 3162 forensibus
1062 3097 1236 3165 actionibus
1255 3100 1327 3182 jnre
1348 3100 1500 3167 Saronico
1527 3098 1758 3167 conformandis
1787 3096 1933 3162 videatur
1955 3091 2225 3159 accommodatius.

481 3192 569 3257 Rude
594 3197 700 3257 tamen
735 3193 870 3258 donatus
898 3194 978 3261 abiit
1002 3196 1103 3262 isthic.
1160 3199 1198 3265 In
1231 3217 1418 3265 consensum
1447 3206 1553 3266 autem
1582 3199 1670 3265 turis
1698 3197 1829 3264 Romani
1867 3200 1900 3259 et
1924 3191 2068 3259 Saxonici
2095 3190 2226 3257 authore

481 3292 643 3358 Ambrosio
665 3292 817 3359 Schurero
837 3292 1037 3360 Hermannus
1061 3296 1236 3362 Fabronius
1256 3318 1392 3382 sequens
1414 3300 1615 3382 Epigramma
1635 3300 1756 3382 posuit:

966 3393 1039 3449 Sunt
1056 3397 1120 3460 tria,
1143 3412 1214 3464 qaae
1227 3400 1337 3466 pamas
1354 3399 1553 3468 cantprendant
1564 3398 1653 3466 juris:
1672 3399 1791 3454 Honesti

1000 3478 1161 3549 Intepritae,
1179 3483 1254 3536 citae
1271 3499 1347 3549 cura,
1367 3485 1465 3554 anione
1477 3484 1558 3552 fides.

967 3564 1080 3620 Caetera
1099 3565 1215 3622 dioneia
1231 3585 1244 3621 c
1261 3570 1384 3624 moratas
1401 3570 1478 3624 arbas
1496 3576 1523 3623 et
1539 3570 1614 3624 orbis

1006 3650 1131 3721 Usurpat
1147 3653 1230 3707 solito
1249 3655 1329 3708 caria
1347 3671 1470 3724 quaeqae
1486 3656 1567 3725 stylo.

971 3736 1060 3805 thue
1078 3738 1150 3792 citra
1167 3740 1261 3793 carias
1279 3739 1407 3796 studiosa
1418 3740 1536 3808 juventa
1554 3740 1660 3795 labam

1001 3823 1148 3879 &aonias
1161 3824 1265 3895 jrcnpat
1280 3827 1369 3881 ciuica
1380 3825 1451 3895 jara
1463 3827 1549 3895 foris,

967 3909 1118 3965 &hierenae
1132 3911 1259 3980 pulchris
1277 3914 1451 3969 constantiae
1468 3912 1561 3968 omnia
1572 3911 1671 3979 junxit

1003 3995 1147 4052 madre:
1170 3996 1283 4054 Utilitas
1300 3998 1402 4069 absone
1421 4000 1514 4055 labore
1531 3998 1617 4054 labor.

1067 4264 1368 4348 christophorus
1395 4266 1635 4333 Brechterns.

602 4427 807 4509 Argentorati
836 4431 929 4493 natus
958 4428 990 4491 in
1020 4428 1126 4493 schola
1155 4430 1259 4510 patria
1280 4430 1445 4495 literarum
1465 4428 1632 4511 praecipue
1659 4426 1779 4506 studio,
1808 4424 1891 4508 quod
1913 4424 2028 4506 linguis
2049 4425 2226 4490 continetur

480 4532 513 4591 et
531 4526 703 4592 disserendi
724 4526 854 4607 ratione,
875 4544 910 4591 se
931 4531 1033 4591 totum
1054 4527 1185 4593 dedidit.
1228 4528 1342 4593 Postea
1364 4528 1405 4594 ab
1426 4528 1484 4593 hoc
1506 4527 1603 4593 veluti
1631 4525 1720 4592 aditu
1737 4526 1895 4607 januaque
1917 4523 2078 4607 patefacta
2096 4523 2138 4588 ad
2156 4523 2227 4604 jure

480 4626 693 4691 consultorum
713 4624 836 4691 scholas
856 4626 994 4708 transiit,
1014 4626 1155 4709 jurisque
1175 4628 1273 4709 ipsius
1295 4627 1411 4710 publici
1433 4626 1604 4710 prudentia
1626 4630 1660 4691 et
1682 4624 1882 4705 antiquitatis
1898 4623 2028 4689 scientia
2048 4623 2227 4688 instructis·

480 4726 578 4790 simus
598 4742 751 4790 summam
771 4725 910 4791 lauream
933 4726 1065 4792 meritus
1088 4733 1151 4806 est,
1179 4728 1225 4793 ita
1252 4732 1288 4792 ut
1309 4727 1370 4793 Jus
1394 4727 1492 4794 Civile
1521 4744 1617 4810 porro
1644 4726 1745 4807 ipsum
1767 4723 1826 4788 hac
1845 4723 1880 4787 in
1899 4721 2068 4788 Academia
2087 4721 2227 4787 docuerit

480 4831 514 4890 et
534 4844 581 4906 aa,
611 4843 692 4908 qnae
715 4824 774 4890 hcc
798 4825 830 4890 in
852 4843 969 4905 genere
990 4827 1122 4908 proponi
1144 4832 1386 4908 consueverunt,
1412 4846 1475 4893 non
1497 4825 1641 4908 populari
1660 4823 1797 4906 quadam
1819 4822 1939 4886 trutina
1948 4821 1988 4903 ⁴),
2016 4821 2072 4887 sed
2093 4820 2227 4886 aurificis

480 4924 573 5005 plane
594 4930 715 4989 statera
738 4925 936 4989 examinarit.
979 4924 1018 4989 Ei
1040 4926 1123 4990 inter
1146 4931 1271 4992 caetera
1291 4931 1324 4991 et
1345 4926 1422 4993 haec
1443 4925 1577 4993 accinuit
1593 4923 1711 4990 Fnldae
1732 4926 1826 5004 poeta
1838 4921 1867 5002 ³)
1889 4937 1971 4986 anno
1984 4920 2137 4986 MDLXII
2149 4919 2227 5002 Maji

481 5024 526 5089 VI
547 5023 724 5089 demortuo:

586 5222 614 5289 1)
632 5218 697 5275 ecs.
714 5221 799 5290 rapit.

583 5307 613 5375 2)
630 5306 710 5361 Hnnc
731 5307 803 5361 inter
828 5306 899 5362 viros
924 5306 1019 5363 doctos
1036 5308 1185 5364 Hassiaccs
1203 5307 1358 5363 Striedcrua
1380 5324 1435 5363 non
1452 5306 1540 5364 affert
1575 5306 1693 5363 Pmtoric
1723 5305 1830 5377 propyl.
1848 5309 1912 5375 p.9
1934 5309 2046 5362 tumore
2069 5318 2131 5360 cum
2154 5300 2226 5358 eirca

481 5409 504 5448 a
523 5391 601 5447 MDL
619 5392 795 5461 Marburgum
813 5393 941 5459 venhset,
958 5409 1021 5449 mox
1038 5394 1178 5449 Butuntum
1197 5393 1330 5463 discessit,
1350 5393 1398 5449 ubi
1416 5394 1491 5450 circa
1512 5410 1537 5450 a
1554 5393 1660 5450 MDXC
1677 5398 1800 5449 mortuns
1817 5400 1867 5449 est.

584 5478 614 5546 3)
632 5478 721 5533 Locus
739 5478 871 5542 imaginis.
975 5480 1005 5549 4)
1025 5480 1115 5535 Locus
1136 5480 1268 5549 imaginis.

582 5566 612 5633 ὅ)
629 5563 766 5631 Nigidium
784 5563 858 5619 dicit.
894 5564 927 5619 V.
943 5571 1029 5635 patto
1054 5566 1143 5622 alieno
1163 5567 1224 5622 loco
1247 5570 1344 5635 postea
1367 5563 1537 5633 interposuit.
1582 5563 1687 5619 hidae
1710 5571 1846 5621 mortuum
1869 5578 1931 5622 case
1948 5564 2137 5633 Braohtcrum,
2161 5562 2222 5631 ipae

480 5650 604 5719 Nigidius
622 5658 717 5706 auctor
735 5657 790 5718 est3
808 5649 949 5720 Marbmgi
966 5668 1021 5708 aon
1039 5652 1112 5708 ultra
1129 5652 1267 5709 biennium
1284 5652 1319 5707 ab
1339 5668 1363 5706 a
1380 5664 1439 5707 rere
1456 5643 1552 5706 nnn
1570 5657 1748 5708 commoratus
1764 5652 1862 5707 inerat

2040 5754 2061 5814 8
