5409 7267
2050 962 2098 1030 49

350 1165 515 1235 pracerum
534 1150 593 1215 rin.
611 1146 729 1215 MDOV
748 1148 783 1214 in
804 1147 1020 1214 Pmiessorum
1038 1147 1310 1230 Marpurgensium
1330 1153 1499 1230 cooptatus
1518 1165 1693 1229 munerum,
1715 1147 1876 1230 amignsta
1895 1149 1955 1230 ipsi
1968 1149 2099 1231 logices

349 1250 547 1334 prolusione
568 1248 743 1330 ordinaria,
770 1248 804 1312 in
829 1247 918 1329 quus
939 1248 1035 1313 etiam
1056 1266 1202 1313 exorsum
1222 1250 1366 1331 prutinus
1388 1249 1455 1316 Cal.
1476 1250 1601 1315 Vllbris
1628 1249 1661 1315 in
1681 1248 1806 1331 publico
1827 1264 1986 1330 consessu,
2007 1266 2100 1330 prae

350 1355 446 1418 sente
463 1350 563 1433 ipsius
583 1347 692 1416 Oelsit
712 1352 858 1430 perorat,
887 1353 998 1414 auctus
1015 1366 1079 1413 non
1096 1348 1196 1414 multo
1215 1354 1291 1431 post
1310 1366 1458 1432 suprema
1479 1347 1699 1431 Philosophiae
1719 1348 1826 1414 laurea
1848 1348 1983 1415 alosn.
2003 1346 2100 1413 llsrt

350 1466 466 1516 manno
493 1449 559 1518 nte
588 1447 753 1529 designato
774 1447 983 1528 Agonothets.
1034 1447 1202 1514 Caeterum
1223 1447 1349 1515 biennio
1371 1453 1445 1531 post
1467 1448 1501 1513 in
1527 1448 1738 1530 praelustri¹)
1760 1447 1930 1529 Gymnasio
1952 1447 2100 1513 Bemanio

351 1549 505 1633 prolesuo
533 1547 722 1629 Tbeolcgica
747 1548 809 1630 ipsi
820 1547 851 1629 ²)
883 1545 1025 1613 defertur
1051 1548 1198 1630 missis⁸)
1232 1565 1272 1613 ea
1301 1548 1342 1613 de
1375 1566 1410 1614 re
1434 1548 1536 1614 literis
1564 1547 1657 1613 simul
1684 1546 1725 1612 ad
1752 1547 1887 1613 Hassiae
1916 1547 2099 1630 Principem.

352 1649 473 1715 Verum
494 1665 566 1715 cum
591 1647 733 1731 ishuJus
762 1647 812 1713 sui
831 1645 1024 1715 Professoris
1049 1665 1144 1730 opera
1171 1652 1204 1714 et
1230 1647 1392 1713 laboribus
1413 1647 1613 1712 Academiam
1643 1665 1732 1713 suam
1759 1645 1890 1713 destitui
1918 1647 2101 1728 neutiquam

352 1748 458 1831 vellet
476 1746 609 1814 eundem
630 1747 810 1813 aocmaione
831 1746 979 1829 stipendii
1000 1745 1085 1812 iacta
1106 1746 1245 1814 devincit
1267 1749 1394 1814 arctim.
1437 1746 1503 1813 Gal.
1522 1747 1597 1813 inde
1616 1746 1689 1812 Jan.
1709 1747 1793 1811 Anni
1814 1746 2007 1827 insequentis
2029 1763 2101 1812 oon·

352 1848 494 1933 spirante
514 1850 641 1929 panium
661 1845 851 1911 Academiae
881 1864 1037 1912 consensu
1063 1846 1131 1929 ipse
1151 1852 1246 1929 caput
1266 1847 1489 1915 Universitstis
1509 1853 1543 1913 et
1563 1847 1677 1912 Rector
1698 1845 1841 1928 eligitur,
1869 1864 1907 1912 ac
1928 1844 1994 1912 Gal
2017 1846 2101 1911 ibris

353 1965 392 2014 ex
427 1948 556 2013 decreto
589 1945 763 2011 Facultates
787 1945 997 2028 Theologicae
1029 1946 1240 2029 subsequente
1274 1947 1468 2029 reliquarum
1496 1946 1698 2013 Facultatum
1735 1962 1868 2012 assensu
1894 1963 1915 2011 a
1942 1945 2101 2028 Rsphnelc

354 2045 468 2129 muno
482 2046 511 2111 ei
524 2045 696 2127 imponitur
709 2044 886 2111 Doctnrslis
904 2044 1013 2111 infula.
1055 2047 1099 2112 At
1111 2047 1189 2130 ipsis
1202 2045 1268 2113 Cal.
1281 2045 1393 2112 Octob.
1414 2065 1434 2112 a
1448 2046 1591 2128 Principe
1608 2044 1650 2111 ad
1666 2045 1863 2113 Nationalem
1878 2045 2050 2127 deputatur
2067 2052 2102 2112 et

353 2146 493 2212 mittitur
511 2143 672 2228 Synodum
691 2144 848 2211 Dordraci
867 2145 901 2211 in
921 2145 1079 2211 Holandia
1095 2147 1276 2212 institutam
1295 2147 1431 2212 obeunte
1453 2146 1580 2212 interim
1598 2147 1749 2211 sicariam
1762 2146 1951 2211 Rectorstua
1967 2145 2101 2211 admini-

352 2244 543 2311 strationem
562 2242 728 2310 Theodoro
747 2242 884 2310 Victore.
927 2245 992 2311 Sed
1017 2262 1115 2328 quum
1135 2246 1280 2329 Synodus
1299 2246 1356 2311 illa
1373 2246 1520 2327 opinione
1541 2246 1678 2311 omnium
1708 2245 1831 2326 longius
1851 2244 2101 2327 protraheretur,

354 2344 545 2415 Rectormus
566 2359 690 2425 quoque
711 2342 849 2425 dignitas
867 2349 901 2409 et
918 2342 1019 2410 honos
1046 2346 1079 2411 in
1098 2345 1343 2428 subsequentem
1365 2345 1538 2429 &socco
1557 2350 1745 2428 prerogatus
1766 2361 1892 2410 annum
1936 2343 2049 2411 Boluta
2069 2350 2102 2408 st

354 2443 445 2509 linita
466 2442 592 2525 synodo
621 2440 830 2525 hlsrpurgum
859 2444 919 2526 ipsi
950 2463 1078 2511 reverso
1105 2461 1187 2512 nova
1209 2463 1310 2529 eaque
1330 2447 1454 2527 gemina
1476 2445 1607 2511 oilertur
1626 2446 1794 2528 pruvincia.
1836 2444 1940 2524 Quum
1961 2443 2045 2509 enim
2065 2460 2101 2508 eo

354 2551 499 2626 tempore
525 2542 618 2608 simul
634 2547 669 2610 et
688 2542 1041 2625 Hebraeo-Theologics
1067 2546 1107 2610 ob
1136 2546 1260 2611 tristem
1287 2546 1326 2611 D.
1346 2545 1440 2613 loon.
1462 2545 1611 2612 hloltheri
1640 2545 1760 2611 obitum
1789 2548 1919 2610 vacaret
1938 2541 2102 2625 professio,

354 2648 389 2708 et
409 2642 450 2708 ob
476 2641 651 2708 senectutis
677 2642 873 2711 incommoda
900 2645 1098 2710 venerandus
1126 2662 1223 2711 senex
1250 2646 1289 2712 D.
1316 2646 1437 2727 Caspar
1467 2644 1623 2712 sturmius
1649 2644 1750 2711 officio
1776 2642 1932 2725 Ephoriae
1957 2660 1992 2709 se
2018 2640 2101 2707 utro

354 2741 536 2823 abdicaret,
569 2746 704 2823 utraque
739 2745 846 2808 munia
883 2742 1002 2827 hsec⁴)
1031 2744 1280 2826 demandantur,
1314 2749 1413 2827 atque
1442 2746 1571 2827 insuper
1593 2762 1675 2810 anno
1699 2743 1866 2809 llhcxxl
1896 2740 2102 2823 Theologicsc

354 2841 518 2912 ballistis
537 2840 575 2906 tit
594 2841 778 2924 Decurio⁸).

479 2939 529 3006 Ex
558 2940 684 3022 scriptis
712 2941 780 3023 ejus
806 2940 926 3023 prodiit
952 2943 1004 3007 vix
1031 2940 1160 3008 tandem
1192 2941 1372 3008 suasoribus
1402 2948 1497 3023 atque
1532 2942 1753 3025 impulsoribus
1780 2941 1888 3007 amicis
1919 2940 2103 3004 Harmonia

356 3049 498 3124 quotuor
518 3041 706 3125 linquamus
726 3041 959 3123 madianitam,
989 3042 1023 3107 in
1050 3059 1114 3124 qua
1135 3060 1174 3107 ex
1199 3040 1344 3107 Hebraea
1365 3059 1424 3107 ceu
1446 3040 1533 3106 fonte
1559 3041 1749 3123 rehquarum
1771 3043 1861 3121 origo
1881 3045 1916 3106 et
1934 3036 2104 3104 earundem

356 3142 445 3211 inter
473 3156 508 3206 se
535 3140 682 3222 cognatio
710 3140 795 3205 clare
821 3141 1008 3208 ostenditur.
1058 3142 1190 3225 Reliqua
1211 3142 1261 3207 vir
1288 3142 1367 3207 alias
1387 3147 1517 3223 propter
1537 3158 1692 3205 summam
1718 3140 1908 3207 industriam
1927 3143 1961 3203 et
1979 3138 2104 3218 linguae

357 3240 506 3321 Latinae,
525 3238 681 3321 Graecae,
702 3238 894 3322 Hebraicae,
923 3240 1005 3307 adde
1028 3259 1151 3324 quoque
1177 3241 1394 3323 Philosophiae
1413 3245 1447 3305 et
1463 3238 1651 3321 Theologr‘ac
1669 3239 1879 3321 cognitionem
1897 3236 2104 3319 exquisitissi-

357 3339 493 3420 Μ’),
511 3338 655 3404 omnihus
680 3337 771 3404 honis
783 3340 1115 3421 commendatissimus,
1136 3340 1279 3406 consulto
1300 3340 1425 3420 premit,
1445 3337 1518 3403 duur
1540 3347 1574 3404 et
1591 3339 1719 3419 politius
1741 3338 1864 3417 singule
1882 3337 2001 3402 hmsrit
2019 3340 2103 3414 ante,

356 3444 399 3519 et,
425 3437 485 3503 Dei
506 3438 675 3503 clementer
693 3454 750 3501 nos
772 3438 885 3501 iterum
909 3437 1090 3502 miserantis
1117 3437 1237 3517 gratia,
1264 3436 1372 3500 mitior
1391 3436 1572 3517 aliquanto,
1594 3436 1714 3503 sedatis
1734 3435 1887 3501 bellorum
1908 3434 2102 3511 cumutihoe,

356 3554 436 3601 aura
462 3536 582 3616 aspiret
607 3534 715 3600 Musis.
757 3533 795 3599 In
814 3534 881 3616 ejus
902 3533 1085 3599 lincomium
1107 3535 1145 3599 D.
1166 3533 1315 3613 Eglinus:

840 3631 942 3688 Oloms
958 3647 1011 3688 ooo
1031 3631 1168 3702 σκάρον,
1185 3633 1330 3701 clarosque
1342 3638 1461 3702 peruste
1479 3632 1605 3701 Gecrqars

874 3718 1027 3774 Doctrinae
1043 3725 1142 3773 neutro
1158 3718 1287 3774 umbra
1305 3718 1433 3787 tessericr.

843 3803 1139 3873 mercenarorium,
1156 3801 1298 3860 studiosae
1315 3804 1502 3877 Ephesumque
1511 3802 1650 3871 iuuentae,

877 3889 1052 3959 mmmm
1069 3888 1178 3952 excellit
1193 3890 1297 3946 noddo
1313 3896 1397 3959 etque
1411 3889 1485 3945 crisi

1031 4167 1195 4236 Josnncs
1225 4168 1381 4235 (lrocius
1397 4170 1435 4251 ⁷).

483 4331 640 4398 usmhiae
676 4329 815 4412 theologi
850 4330 1001 4414 Cymaei,
1031 4332 1070 4397 l).
1101 4330 1230 4397 liutheri
1265 4332 1445 4415 συγχρόνου
1472 4347 1585 4410 nepos,
1621 4329 1659 4392 D.
1688 4325 1780 4391 Pauli
1807 4325 2105 4407 Superattendentis

361 4429 593 4513 ilitpensteinii
611 4428 711 4512 iilius,
739 4446 791 4495 an.
813 4427 886 4495 (ihr.
908 4430 1028 4496 thllC
1055 4431 1105 4497 dic
1125 4432 1247 4497 llllllX
1268 4432 1344 4498 Julii
1364 4431 1527 4513 lasphcae
1552 4433 1646 4494 natus
1676 4427 1709 4492 in
1729 4426 1836 4508 patris
1860 4424 1967 4491 achela
1985 4424 2104 4505 pietate

360 4535 397 4598 et
415 4530 550 4597 Latinae
571 4530 777 4609 Graecoque
796 4528 923 4610 linguae
941 4523 1102 4596 elementis
1123 4531 1284 4598 imbuitur:
1315 4548 1398 4597 anno
1417 4528 1540 4596 MDcll
1562 4526 1758 4592 Herbornam
1776 4524 1930 4604 mittitur,
1958 4523 2011 4589 uhi
2031 4540 2106 4592 con·

361 4630 445 4697 tecto
483 4630 683 4694 classicamm
720 4627 889 4693 lectionum
926 4645 1023 4695 cursu
1060 4628 1102 4694 ad
1137 4628 1272 4696 scholam
1308 4636 1508 4712 promouetur
1544 4626 1701 4710 pubhcam
1734 4640 1817 4689 anuo
1849 4622 1975 4687 slbcv.
2028 4620 2105 4690 lnde

467 4870 495 4939 l)
510 4868 555 4924 Sic
572 4867 640 4939 cod,
659 4867 711 4923 Til.
730 4869 841 4924 illecebri.

466 4956 495 5024 2)
513 4952 578 5009 Cod.
596 4954 676 5024 ipsis,
695 4952 768 5022 quod
786 4970 854 5010 corr.
875 4955 970 5013 Tilenu

464 5040 494 5109 3)
513 5039 605 5109 Imago
623 5039 771 5108 cruciger'u

462 5126 492 5193 4)
511 5125 588 5181 Haec
606 5125 660 5181 llil.
679 5125 796 5196 scripsit,
814 5141 865 5194 pro
883 5126 981 5195 quibus
1000 5126 1095 5182 Tilem.
1114 5125 1201 5182 edidit
1215 5128 1279 5183 haic
1296 5128 1399 5182 music.

465 5211 496 5280 b)
512 5211 606 5266 Trium
628 5226 754 5266 umanum
778 5217 807 5266 et
833 5211 965 5266 dimidiati
996 5213 1115 5281 spatium
1139 5213 1266 5268 relictum
1287 5218 1331 5267 est
1353 5212 1416 5268 aliis
1439 5209 1578 5266 addendis.
1614 5209 1742 5278 cruciqer
1759 5207 1907 5276 uubmgo
1929 5206 2055 5264 discessit
2079 5225 2104 5263 a

361 5295 535 5352 uncxxlv
551 5311 569 5351 a
586 5295 725 5353 hudovlco
743 5295 858 5365 Landqr.
876 5296 1110 5369 dimissumque
1126 5304 1249 5355 mortuus
1267 5304 1311 5353 est
1328 5298 1457 5354 Caesellls
1474 5312 1499 5352 a
1516 5294 1737 5349 uncxxxvll.

466 5383 496 5452 6)
514 5382 579 5438 Cod.
598 5384 811 5452 exquisitsssom.

467 5471 492 5538 7)
510 5468 552 5522 De
570 5468 614 5525 Jo.
633 5469 738 5536 Crocio,
758 5484 811 5523 non
831 5468 918 5523 solum
932 5468 960 5521 in
978 5468 1090 5537 antiqua
1107 5468 1272 5540 Philippina,
1289 5469 1338 5525 aad
1356 5470 1439 5524 etiarn
1454 5470 1482 5523 in
1499 5468 1651 5525 instaurata
1669 5484 1693 5523 a.
1713 5465 1857 5522 uncum
1874 5479 1892 5520 a
1908 5462 2104 5521 GuiliehchI

363 5552 535 5624 hasdgeurio
559 5554 700 5611 academia
720 5554 909 5622 hlarhurqensl
934 5555 1088 5623 protessore
1112 5554 1248 5625 hujusque
1273 5562 1432 5625 prorcetere
1453 5554 1540 5623 primo
1566 5568 1653 5622 nuper
1678 5552 1812 5622 peculiari
1835 5549 2026 5607 dismdsnc
2050 5548 2107 5616 egit

363 5639 437 5695 Frid.
455 5639 505 5696 lld.
525 5640 614 5708 Cleua,
633 5640 775 5697 lohannes
794 5640 914 5710 Orosius,
931 5640 976 5695 ein
996 5640 1219 5710 biographiseber
1237 5641 1368 5698 Versueh.
1403 5640 1490 5697 hlsrb.
1508 5642 1582 5694 1867.
1601 5640 1715 5707 (curel.
1735 5638 1822 5707 1868.)
1838 5640 1863 5691 θ.

1923 5742 1941 5799 7
