5409 7267
2165 1012 2211 1083 65

480 1215 629 1304 prompta
649 1218 814 1301 celeritas,
838 1218 871 1285 in
891 1218 1085 1303 providendo
1113 1218 1249 1301 prudens
1277 1217 1438 1285 consilinm
1465 1217 1627 1284 emicuerit
1656 1216 1706 1283 vel
1734 1217 1892 1300 inprimis,
1922 1221 2017 1301 atque
2043 1224 2211 1301 propterea

479 1322 575 1388 etiam
597 1320 639 1386 ab
662 1319 771 1386 eodem
798 1301 954 1401 Principe
967 1318 1078 1401 dignus
1104 1318 1227 1384 habitus
1256 1317 1369 1400 fuerit,
1407 1334 1499 1399 qoem
1525 1318 1558 1383 in
1586 1317 1787 1384 secretiorum
1814 1336 1942 1385 suorum
1968 1317 2213 1385 consiliariorum

479 1436 643 1487 numerum
663 1437 757 1501 porro
779 1419 906 1500 legeret.
948 1418 1014 1485 Noc
1032 1419 1148 1484 attinet
1170 1417 1304 1497 referre,
1335 1435 1397 1498 qua
1426 1416 1488 1482 fide
1510 1434 1638 1499 operam
1659 1421 1763 1499 suom,
1791 1434 1897 1484 curam
1924 1423 1958 1483 et
1982 1417 2121 1484 studium
2142 1418 2211 1485 aliis

480 1538 602 1603 quoque
623 1518 833 1601 Principibus,
860 1517 1049 1601 Gomitibus,
1075 1517 1259 1584 Civitatibus
1292 1516 1399 1582 liberis
1430 1521 1463 1582 et
1490 1509 1737 1600 quibuscunque,
1767 1534 1900 1599 quorum
1924 1516 1956 1581 id
1981 1518 2150 1600 intererat,
2178 1518 2212 1584 in

480 1619 599 1686 caussis
620 1617 750 1701 agendis
770 1605 952 1684 advocanda
973 1622 1004 1683 et
1024 1616 1214 1684 consulendo
1235 1617 1357 1683 locarit.
1399 1616 1481 1682 Sane
1502 1616 1549 1681 ita
1569 1615 1629 1681 viri
1655 1616 1750 1683 rebus
1775 1617 1807 1681 in
1833 1615 1975 1682 omnibus
2002 1623 2144 1699 spectata
2163 1622 2213 1684 est

479 1718 653 1800 industrIa,
681 1722 717 1784 ut
738 1718 834 1783 etiam
854 1721 1023 1800 propterea
1052 1718 1119 1800 ejus
1146 1733 1242 1799 opera
1269 1716 1415 1782 certatim
1436 1720 1635 1798 expeteretur
1656 1715 1697 1781 ab
1714 1712 1875 1797 omnibus,
1901 1717 1989 1798 isque
2009 1716 2211 1801 (ironingam,

480 1816 700 1897 Leovardiam,
722 1817 755 1882 in
773 1816 907 1882 Iriniam
926 1816 1134 1899 Orientalem,
1156 1814 1322 1881 Saroniam
1339 1815 1545 1881 Electoralem
1565 1819 1599 1881 et
1613 1814 1867 1881 RostochIensem
1883 1815 2080 1882 Academiam
2097 1817 2212 1883 oblatis

480 1917 678 2000 amplissimis
699 1916 866 1983 honoribus
886 1922 1080 1983 evocaretur.
1130 1916 1193 1983 Sed
1222 1933 1316 1997 quum
1344 1916 1578 1996 ingravesceret
1605 1919 1694 1981 aetas
1720 1915 1754 1979 io
1781 1933 1919 1982 munere
1935 1915 1993 1981 hoc
2018 1934 2074 1982 suo
2095 1921 2128 1982 et
2149 1917 2213 1983 leni

481 2018 549 2083 ocio
571 2035 639 2082 cum
661 2034 755 2083 uxore
779 2021 812 2083 et
830 2016 917 2099 prole
938 2034 1103 2082 numerosa
1124 2016 1359 2096 conquiescere,
1387 2033 1483 2096 quam
1509 2013 1654 2080 fortunae
1682 2019 1715 2080 et
1737 2014 1900 2096 dignitatis
1923 2015 2117 2081 accessiones
2137 2016 2212 2083 alibi

480 2134 632 2199 quaerere
657 2121 692 2182 ct
719 2134 754 2183 se
780 2116 875 2182 variis
903 2116 1123 2198 migrationum
1152 2115 1301 2182 molestiis
1324 2121 1359 2181 et
1378 2114 1522 2180 ductibus
1546 2115 1672 2180 incertis
1693 2115 1887 2180 committere
1907 2115 2026 2181 maluit.
2068 2117 2212 2196 Augusto

480 2217 587 2297 itaque
606 2220 733 2305 statuae
752 2221 953 2282 monumento
973 2216 1139 2298 largiorive
1159 2216 1326 2298 praeconio
1348 2232 1412 2279 non
1433 2218 1521 2296 eget,
1548 2214 1601 2295 qui
1630 2213 1804 2280 clarIssima
1829 2214 1957 2280 virtutis
1977 2219 2011 2280 et
2032 2215 2212 2281 eruditionis

481 2314 631 2398 trophaea
650 2316 684 2380 in
703 2313 864 2380 homiuum
885 2316 996 2381 animis
1015 2314 1117 2381 defixa
1137 2314 1279 2396 reliquit,
1301 2320 1334 2379 et
1353 2332 1416 2379 non
1434 2314 1534 2379 solam
1554 2314 1626 2378 viva
1644 2331 1735 2385 voce.
1757 2331 1819 2396 qua
1840 2313 1948 2380 XXIII
1968 2314 2091 2380 clrciter
2113 2332 2212 2380 annos

481 2433 545 2480 non
568 2415 635 2481 sine
657 2415 793 2480 omnium
813 2414 968 2498 applausu
986 2415 1019 2479 in
1043 2413 1261 2496 Marpurgensi
1281 2413 1449 2478 Academia
1465 2414 1539 2495 Jura
1560 2413 1665 2478 docuit
1686 2412 1824 2496 publice,
1846 2413 1901 2479 sed
1922 2419 1954 2479 ct
1974 2413 2099 2496 scriptis
2120 2413 2213 2479 editis

482 2515 522 2580 de
549 2514 741 2597 Repolibus,
773 2519 806 2580 et
831 2533 923 2597 porro
943 2513 1071 2580 edendis
1092 2513 1226 2579 nominis
1247 2514 1295 2579 sui
1316 2514 1496 2579 memoriam
1517 2514 1697 2578 aeternitati
1719 2513 1919 2579 consecravit
1962 2512 2048 2578 Obiit
2068 2512 2213 2579 camum

482 2612 758 2680 aono'IdDOXVII
779 2614 830 2679 die
844 2613 919 2697 Maji
936 2614 1109 2694 undecimo,
1129 2614 1245 2679 aetatis
1267 2630 1348 2678 anno
1363 2612 1504 2693 LXXIV,
1524 2614 1641 2679 relictis
1658 2613 1775 2694 glorIae
1791 2618 1941 2694 paternae
1961 2617 2058 2694 atque
2079 2612 2213 2676 nominis

480 2714 611 2800 aemulis
634 2714 673 2778 Ι).
688 2712 852 2780 GuiIIeImo
874 2712 1056 2778 Burchardo
1074 2718 1109 2778 et
1125 2712 1253 2778 Nicolao
1273 2711 1407 2777 Hassiae
1426 2712 1560 2794 principi
1571 2711 1719 2778 Mauritio
1736 2711 1914 2792 aconsiliis,
1934 2728 1993 2776 nec
2012 2727 2075 2776 non
2091 2710 2213 2776 Ioanne

482 2812 604 2879 SixtIno
633 2812 845 2878 Halberstadii
871 2811 913 2877 ad
942 2812 981 2877 D.
1010 2812 1143 2878 Mariam
1168 2811 1334 2878 canonico.
1390 2811 1437 2877 De
1459 2812 1706 2895 jurisprudentia
1734 2817 1768 2878 et
1794 2812 1914 2893 pietate
1939 2810 2073 2891 Regneri
2101 2809 2213 2878 Sixtini

482 2913 680 2979 Hermannus
701 2911 889 2978 Fabronius:
1783 2956 1785 2960 .

894 3078 898 3088 .
964 3010 1068 3065 &atini
1081 3011 1185 3079 sociem
1204 3009 1300 3065 Cottae
1319 3008 1448 3080 dspicatr
1463 3010 1582 3080 Apellea,

1000 3099 1136 3152 Tcetotom
1151 3098 1257 3168 pramis
1274 3098 1419 3152 nobilioris
1439 3113 1512 3167 opas.

964 3182 996 3239 a·
1010 3184 1119 3253 genium
1130 3182 1221 3251 joma,
1235 3184 1352 3253 pietatis
1368 3199 1482 3239 munero
1499 3183 1627 3253 quoeris?

998 3270 1167 3339 Metropolca
1185 3268 1280 3325 Cottae
1303 3270 1437 3339 quaelubet
1453 3272 1510 3325 Isto
1529 3275 1637 3325 sonam.

481 3362 515 3422 et
542 3357 575 3421 in
599 3357 878 3439 Anagrammotum
906 3356 1006 3422 classe
1034 3355 1168 3421 smunda
1182 3356 1227 3438 ¹),
1270 3355 1435 3423 REGENS
1464 3356 1550 3421 REX
1575 3353 1790 3435 JUSTINUS,
1829 3372 1867 3419 ex
1903 3374 1963 3438 quo
1990 3356 2211 3423 REGNERUS
2318 3426 2333 3453 ο

483 3454 673 3522 SIXTINUS

963 3552 1093 3617 Mirora's,
1111 3551 1230 3618 Similae,
1247 3551 1370 3621 stylum?
1394 3551 1523 3607 Justinos
1540 3568 1581 3608 es.-
1605 3555 1660 3607 imo

997 3638 1061 3693 Rea
1078 3653 1106 3691 es
1125 3652 1219 3707 repens
1235 3654 1254 3692 o
1270 3638 1385 3691 nomiae.

962 3723 1196 3789 decalmatio,
1214 3722 1343 3777 Jaatinuc
1361 3723 1396 3776 ab
1413 3723 1509 3778 bocco:
1529 3723 1596 3792 quid
1613 3739 1683 3796 erpo,

999 3809 1065 3864 Gom
1083 3816 1113 3865 tu
1130 3812 1184 3865 sies
1201 3811 1299 3865 boram
1316 3809 1437 3864 occcclo!

965 3897 1029 3952 Rex
1045 3901 1214 3966 quopropter
1232 3896 1285 3950 eris
1302 3894 1335 3949 dc
1351 3895 1474 3949 nominc:
1488 3893 1565 3963 juria
1582 3895 1617 3948 ab
1634 3900 1693 3951 arte
1766 3917 1772 3929 ·
1809 3925 1811 3927 v

998 3982 1141 4039 Juaticuo:
1158 3987 1303 4052 utrumque
1321 3982 1453 4037 conserit.

1145 4266 1386 4334 Bernhardus
1410 4266 1547 4350 Copius

1245 4383 1452 4453 Strombergius.

580 4506 714 4571 Natiooo
733 4503 935 4587 Westphalus
956 4503 1178 4586 Strombergae
1206 4504 1459 4571 Monasteriensis
1485 4504 1669 4571 Dioeceseos
1695 4504 1808 4587 oppido
1835 4510 1929 4572 natos
1957 4524 2037 4572 anno
2058 4506 2210 4576 MDXXV

483 4610 575 4688 patre
601 4604 784 4670 Bembardo
814 4602 926 4685 Copia,
962 4603 1029 4668 viro
1053 4604 1196 4685 literato,
1238 4604 1465 4670 Hervordensis
1493 4603 1642 4687 primum,
1684 4604 1795 4671 deinde
1821 4605 2052 4688 Lemgoviensis
2087 4607 2211 4674 scholae

482 4706 616 4771 Rectore
636 4710 668 4770 et
687 4710 797 4785 postea
818 4703 852 4767 in
872 4701 978 4784 patria
996 4703 1083 4769 verbi
1105 4703 1201 4769 divim
1221 4703 1364 4771 ministro
1378 4702 1522 4770 Coloniae
1535 4702 1687 4770 Joannem
1702 4704 1945 4787 OldendorpIum
1961 4706 2033 4789 jura
2050 4707 2210 4774 docentem

483 4804 604 4871 audivit
623 4808 717 4885 atque
738 4801 915 4869 Gabriel·
935 4801 1104 4869 Mudaeum
1125 4804 1264 4869 Lovanii.
1306 4804 1443 4870 Primam
1457 4820 1584 4885 operam
1598 4820 1689 4869 suam
1702 4803 1838 4871 exhibuit
1852 4804 1989 4888 collegio
2001 4804 2210 4889 Bustorpiano

484 4903 711 4984 Paderbornae,
732 4902 865 4968 alteram
885 4902 1008 4970 scholae
1025 4902 1271 4984 Monosteriensi,
1292 4904 1419 4969 tertiam
1433 4903 1661 4983 Iremoniensi‚
1681 4906 1826 4987 quartam
1844 4904 1975 4986 denique
1987 4906 2209 4988 Lemgoviensi.

483 5002 649 5069 Postmodo
662 5002 810 5086 ejmmodi
822 5008 984 5085 pertaesus
998 5001 1141 5068 laborum
1147 5001 1354 5085 Marpurgum
1368 5001 1541 5070 concedens
1555 5019 1637 5069 anno
1646 5002 1812 5069 MDLXVI
1828 5021 1898 5069 mor
1909 5004 2057 5086 privatIm
2072 5005 2209 5072 docendo

485 5121 555 5168 eum
579 5120 648 5168 sese
673 5100 829 5183 exhibuit,
867 5105 905 5166 ut
932 5100 1076 5168 defuncto
1103 5099 1217 5166 Ioanni
1245 5102 1395 5167 Loniccro
1424 5103 1457 5168 in
1484 5100 1675 5183 professione
1704 5102 1844 5170 Graecae
1861 5103 1997 5187 ‘linguae
2027 5111 2210 5203 surrogatus

484 5220 568 5267 anno
588 5200 755 5267 MDLXIX
775 5199 897 5282 pubIIce
918 5204 951 5265 et
971 5199 1022 5265 bic
1043 5199 1169 5264 doceret
1182 5200 1387 5283 Juventntem.
1427 5200 1508 5268 Erat
1524 5201 1606 5268 enim
1619 5202 1668 5268 vir
1680 5201 1859 5285 Hebraeae,
1880 5202 2019 5271 Graecae
2032 5208 2066 5270 et
2079 5204 2211 5271 Ladnae

484 5301 609 5383 linguae
628 5300 853 5383 peritissimus,
881 5297 1069 5380 TbeologIae
1097 5297 1227 5364 scientia
1246 5300 1369 5381 multis,
1397 5301 1451 5383 qui
1476 5318 1547 5368 cam
1572 5298 1817 5386 profitebantur,
1843 5303 2001 5387 superior,
2031 5321 2210 5387 summoque

485 5399 645 5482 praeditus
665 5399 807 5482 ingenio,
835 5396 1031 5481 eloquentia,
1062 5396 1189 5465 consilio
1211 5404 1246 5466 et
1266 5400 1423 5482 sapientia
1450 5400 1616 5484 singulari,
1643 5401 1696 5485 qui
1724 5419 1844 5469 omnem
1871 5420 1997 5485 operam
2020 5408 2054 5470 et
2072 5401 2210 5470 laborem

586 5620 611 5684 ll
629 5617 661 5672 In
679 5616 814 5675 volumina
833 5616 989 5674 Camellano
1006 5634 1027 5675 a.
1046 5617 1064 5673 l.
1083 5634 1136 5674 non
1154 5619 1218 5687 hoc,
1237 5618 1284 5672 sed
1304 5617 1380 5676 alind
1397 5636 1569 5694 anagramma
1589 5619 1624 5676 ad
1641 5621 1737 5677 Sixtini
1756 5638 1854 5677 nomen
1872 5623 2012 5691 perticam
2029 5626 2124 5678 emtat.
