5409 7267
483 992 553 1061 100

479 1180 618 1247 erudiret
634 1178 850 1260 juventutem,
876 1176 997 1241 evocari
1016 1192 1052 1240 se
1072 1190 1187 1255 passus
1209 1179 1269 1240 est.
1319 1174 1466 1240 Retinere
1490 1174 1667 1256 potuissent
1686 1174 1896 1241 Erfurdenses
1917 1175 2087 1242 abeuntem
2108 1172 2224 1253 exigno

479 1278 652 1362 stipendio,
681 1278 735 1359 qui
755 1280 866 1357 postea
887 1290 1001 1355 magno
1022 1280 1054 1339 et
1076 1273 1203 1355 quidem
1225 1274 1396 1356 ejmmodi,
1427 1272 1512 1354 quod
1539 1274 1664 1355 ipsimet
1689 1279 1830 1340 statuere
1856 1274 1997 1357 luberet,
2026 1271 2225 1339 miscendus

480 1386 558 1447 erat.
599 1378 726 1443 Ficinus
747 1377 867 1441 interea
887 1379 920 1440 et
938 1372 1163 1455 Megabaocbns
1185 1391 1255 1438 cnm
1266 1372 1395 1440 Eobarm
1417 1378 1560 1454 egerant,
1583 1378 1620 1438 ut
1637 1373 1839 1456 ldarpurgum
1857 1392 1892 1440 se
1907 1374 2062 1441 conferret
2080 1371 2226 1456 publicae

480 1478 604 1545 lectioni
624 1475 825 1559 praefuturus
847 1474 1003 1555 stipendio
1024 1490 1129 1538 annuo
1152 1471 1203 1538 (lL
1223 1491 1408 1555 aureorum,
1435 1472 1491 1538 sed
1518 1490 1587 1538 cum
1608 1473 1788 1539 differretur
1806 1474 1961 1556 Principis
1982 1490 2170 1557 responsum
2189 1489 2225 1535 ac

365 1595 367 1600 ·
480 1582 610 1661 putaret
635 1575 784 1640 Eobanus
812 1574 1002 1655 poenituisse
1029 1572 1202 1654 Principem
1230 1573 1418 1653 vocationis,
1442 1589 1550 1637 mense
1568 1572 1653 1656 Mujo
1681 1591 1765 1639 anno
1783 1573 1984 1640 MDlllleII
2012 1574 2224 1640 uenditionem

481 1678 627 1744 Noricam
652 1691 763 1739 rursus
790 1673 992 1738 commutavit
1018 1671 1217 1738 Eriurdiana.
1267 1672 1405 1753 Ideoque
1432 1672 1505 1737 licet
1530 1678 1643 1754 postea
1674 1674 1770 1739 ctiam
1793 1675 1970 1756 l'rincipes,
1999 1674 2082 1739 alter
2109 1673 2224 1738 Witte·

481 1779 626 1858 bergam,
648 1775 728 1840 alter
748 1772 955 1853 Marpurgnm
976 1789 1046 1836 eum
1066 1770 1217 1837 deducere
1236 1776 1433 1853 satagerent,
1454 1779 1558 1837 tamen
1579 1774 1654 1853 quia
1671 1773 1737 1854 jam
1754 1779 1982 1855 praevenerant
1994 1773 2223 1854 Erbrrdienses,

482 1884 548 1944 tum
576 1874 701 1958 quidem
733 1873 882 1954 temporis
916 1870 1037 1937 fmslra
1069 1871 1102 1935 id
1130 1871 1198 1936 luit.
1251 1871 1370 1937 Verum
1406 1871 1487 1936 enim
1520 1890 1594 1937 vcro
1629 1872 1703 1938 lieet
1732 1878 1797 1938 tam
1828 1873 1913 1955 apud
1944 1873 2091 1955 Noricos,
2127 1891 2224 1956 quam

481 1976 699 2043 Erurdimses
720 1972 881 2038 luculenta
900 1975 934 2036 et
952 1970 1113 2037 commoda
1135 1972 1213 2037 satis
1235 1989 1313 2036 usus
1334 1970 1525 2052 conditione,
1555 1977 1659 2037 tamen
1680 1978 1716 2037 nt
1736 1972 1788 2038 ille
1808 1972 1993 2039 Homericus
2013 1975 2075 2038 cdv
2095 1974 2226 2037 modu

483 2075 642 2158 πατρίδος
661 2078 754 2156 γαίας
780 2073 888 2137 videre
915 2071 1078 2152 exoptavit
1106 2072 1241 2154 saepiae.
1290 2072 1404 2153 Itaque
1432 2089 1526 2152 quum
1557 2088 1640 2135 anno
1661 2070 1857 2138 MDXXXVI
1884 2072 2027 2155 Philippo
2051 2073 2225 2141 Hessorum

480 2175 619 2256 Principi
638 2193 655 2239 e
676 2172 810 2239 Suacvia
828 2170 935 2238 reduci
957 2170 997 2236 de
1016 2169 1160 2236 hostibus
1180 2170 1244 2235 illic
1265 2169 1425 2252 oppressis
1445 2176 1478 2235 et
1497 2170 1672 2253 profligatis
1692 2172 1873 2253 gratulatus
1891 2176 1985 2255 esset,
2006 2173 2146 2257 ejusdem
2168 2192 2224 2255 per

480 2276 662 2343 Ferrarium
682 2273 783 2338 accitu
803 2272 836 2337 in
856 2271 1009 2353 patriam,
1038 2270 1122 2352 quod
1149 2275 1314 2351 optaverat
1343 2275 1417 2335 ante
1444 2271 1583 2353 saepius,
1611 2289 1646 2337 se
1677 2272 1788 2355 recipit
1811 2273 1877 2354 Jam
1902 2272 1970 2339 fere
1999 2291 2112 2352 senex,
2139 2274 2225 2341 unde

481 2394 561 2460 puer
590 2373 760 2455 exierat¹).
813 2371 1021 2453 caeteroquin
1047 2370 1211 2452 Marpurgi
1235 2370 1269 2435 in
1297 2369 1389 2435 Poisi
1418 2375 1452 2434 ct
1479 2368 1619 2436 historiis
1649 2371 1847 2437 enucleandis
1877 2387 2005 2455 operam
2027 2374 2134 2456 posuit
2159 2392 2225 2440 non

481 2479 585 2542 minus
614 2472 736 2540 dicendi
764 2471 911 2537 ubertate
939 2477 972 2536 ct
1001 2470 1105 2552 copia,
1136 2488 1229 2551 quam
1258 2487 1364 2534 rerum
1392 2468 1547 2549 ipsarum,
1579 2470 1759 2552 dequibus
1786 2471 1979 2555 disserebat,
2009 2473 2166 2539 varietate
2192 2481 2226 2540 et

483 2575 655 2657 elegantia,
678 2572 794 2637 nemini
813 2589 875 2636 non
897 2576 1006 2653 gratm
1023 2566 1061 2635 'et
1081 2574 1237 2651 acceptus,
1258 2573 1294 2634 nt
1314 2575 1484 2650 propterea
1502 2568 1633 2634 eundem
1652 2570 1710 2635 viri
1730 2575 1821 2636 entra
1841 2590 1965 2638 omnem
1983 2573 2103 2655 ingenii
2121 2572 2226 2639 aleam

482 2676 579 2759 positi
598 2680 630 2739 et
646 2674 754 2757 judicii
775 2672 900 2737 omnino
923 2671 1066 2737 acerrimi
1087 2675 1253 2751 poetarum
1273 2668 1334 2733 isto
1358 2668 1482 2734 saeculo
1503 2670 1675 2750 principem
1697 2675 1730 2736 et
1749 2690 1856 2753 regem
1876 2671 2035 2755 appellare
2052 2672 2147 2738 veriti
2162 2691 2226 2739 non

484 2777 557 2843 sint.
601 2774 643 2838 Et
664 2778 749 2839 certe
770 2774 822 2855 qui
842 2772 959 2853 ingenii
979 2775 1182 2834 monumenta
1201 2786 1320 2834 summo
1340 2767 1447 2833 labore
1468 2774 1501 2833 ct
1526 2770 1631 2835 studio
1651 2769 1814 2836 elaborata
1834 2771 1963 2853 legerit,
1988 2790 2111 2837 summa
2130 2790 2225 2854 quae

483 2893 545 2959 que
566 2874 666 2939 eidem
688 2872 853 2938 tribuenda
873 2870 977 2936 nullus
998 2868 1168 2934 dubitabit.
1209 2868 1330 2934 Insidet
1350 2869 1432 2933 enirn
1456 2868 1565 2933 iisdem
1586 2870 1763 2935 venustatis
1783 2870 1925 2952 quidam,
1944 2890 2005 2937 non
2026 2871 2097 2937 fuco
2118 2871 2227 2954 illitus,

484 2977 540 3042 sed
562 2974 712 3055 sanguine
741 2972 832 3053 qnasi
859 2970 991 3036 diffusus
1016 2968 1116 3051 calor3
1152 2968 1363 3050 orationisque
1391 2986 1492 3049 genus
1522 2968 1621 3049 ipsum
1646 2969 1772 3050 plenum
1798 2977 1866 3051 est,
1897 2976 1983 3037 teres
2009 2976 2043 3037 et
2069 2989 2133 3037 non
2162 2972 2228 3038 sine

485 3076 590 3141 nervis
616 3092 653 3139 ac
682 3071 810 3136 viribus.
859 3069 984 3134 Eminet
1009 3073 1114 3133 autem
1139 3067 1304 3148 praecipue
1331 3068 1417 3132 inter
1443 3067 1584 3150 ejusdem
1609 3087 1705 3151 opera
1734 3070 1837 3136 instar
1862 3088 2002 3152 gemmae
2027 3071 2228 3138 Psolterium

486 3177 626 3241 camnine
647 3172 784 3254 clepiaco
806 3170 982 3247 redditum,
1019 3166 1100 3248 quod
1128 3165 1278 3245 ejusmodi
1309 3172 1373 3245 est,
1405 3172 1442 3231 ut
1471 3170 1650 3248 argumenti
1678 3169 1835 3251 dignitate
1845 3168 1879 3254 ²)
1909 3171 2061 3252 percellat
2089 3173 2227 3237 animum

486 3274 590 3340 acrius
612 3275 645 3335 et
662 3275 792 3351 propter
812 3285 957 3333 numeros
978 3266 1074 3331 odam
1095 3282 1165 3330 cum
1183 3264 1343 3329 snadtate
1364 3266 1398 3330 in
1420 3283 1529 3331 sensus
1549 3265 1659 3333 affluat
1679 3274 1713 3335 et
1733 3269 1885 3335 illabatur
1904 3269 2037 3337 duldns.
2082 3270 2228 3337 Carmine

485 3390 608 3457 quoque
630 3369 769 3450 elegiaco
795 3366 933 3432 reddidit
954 3365 1136 3434 Salomonis
1157 3362 1390 3445 Ecclesiasteu,
1416 3365 1653 3451 Proverbia³),
1689 3374 1721 3434 et
1750 3368 1980 3436 Bucolicorum
2004 3370 2132 3454 Idgllio
2156 3371 2229 3437 iecit

486 3470 610 3539 XVII:
641 3469 802 3535 Heroides
830 3484 969 3549 quoquc,
1000 3464 1160 3548 Epicadio
1191 3464 1368 3530 illustrium
1397 3472 1428 3532 et
1455 3466 1617 3533 clarorum
1641 3469 1800 3535 uirorum:
1831 3470 2006 3554 Sgluarum
2032 3472 2133 3538 libros
2159 3471 2227 3538 IX:

490 3572 586 3638 Urdis
607 3569 804 3652 Noribergae
827 3574 858 3633 et
884 3568 954 3649 ejus
982 3564 1204 3647 spectabilium
1228 3564 1487 3647 descriptionem:
1515 3566 1761 3649 Erpeditionem
1786 3570 1935 3653 Philippi
1961 3571 2166 3656 Landgraoii
2192 3574 2228 3637 in

486 3673 613 3740 Succos.
656 3666 834 3733 Transtulit
854 3671 1019 3748 praeterea
1033 3664 1161 3732 Colutli
1181 3664 1221 3731 de
1233 3672 1333 3745 raptu
1344 3664 1488 3732 Helenae
1507 3674 1537 3733 et
1550 3668 1679 3750 judicio
1691 3670 1829 3737 Paridis
1844 3673 2046 3753 poematica:
2066 3673 2229 3755 Locosque

487 3772 621 3837 Homeri
643 3769 849 3850 insigniores,
880 3764 1032 3848 Clypeum
1060 3764 1218 3829 Achillis:
1253 3763 1379 3830 Martis
1406 3772 1437 3831 et
1470 3765 1601 3832 Veneris
1629 3769 1841 3835 adulterium:
1877 3770 2005 3853 Εᾳαααι
2032 3773 2228 3853 trojanum:

488 3871 610 3937 Hortos
629 3868 774 3933 Alcinoi:
804 3866 994 3931 Thersiten:
1028 3860 1174 3947 Ulyssem
1199 3870 1229 3929 et
1251 3862 1450 3929 Menelaum:
1479 3865 1630 3949 Spreues:
1655 3869 1755 3934 Aten:
1780 3869 1908 3935 Litora:
1936 3869 2062 3953 Εᾳκααι
2084 3872 2231 3938 Acirillis

488 3971 688 4054 ejusdemque
713 3967 841 4032 hastam
870 3970 903 4034 et
928 3963 1000 4030 alia.
1053 3962 1164 4028 Edidit
1194 3962 1366 4045 quinetiam
1392 3972 1568 4047 praecepta
1596 3966 1635 4031 de
1665 3969 1883 4035 consmoanda
1913 3970 1994 4037 dmm
2024 3971 2229 4038 caktudine:

488 4071 678 4154 Elegiarum
698 4068 829 4134 librum:
860 4065 1025 4149 Hgmnum
1046 4063 1250 4146 paschalem:
1275 4062 1410 4129 Homeri
1430 4063 1548 4131 Iliada
1568 4067 1702 4132 carmine
1723 4068 1860 4134 reddidit
1880 4069 1994 4136 Latino
2012 4075 2046 4136 ct
2066 4070 2232 4138 Theocriti

490 4170 614 4253 idyllia
634 4166 803 4233 XXXVI:
832 4165 962 4248 Virgilii
983 4170 1089 4228 autem
1109 4162 1249 4248 Eclogas
1268 4169 1298 4228 et
1313 4162 1473 4245 Georgica
1493 4166 1583 4231 auxit
1600 4165 1844 4234 Commentariis
1865 4174 1899 4235 et
1917 4169 2102 4236 illustravit:
2125 4172 2176 4235 uti
2196 4179 2230 4236 et

491 4270 646 4337 Tabulam
677 4267 817 4332 Joanuts
843 4264 1011 4330 Murmelii
1048 4264 1086 4329 dc
1120 4265 1245 4329 ratione
1273 4263 1499 4345 faciendorum
1530 4287 1686 4333 ausuum.
1742 4267 1836 4334 Justo
1869 4287 1994 4351 quoque
2021 4269 2159 4336 Studaeo
2190 4272 2230 4336 de

489 4369 614 4451 nuptiis
634 4375 664 4433 et
684 4366 882 4432 Doctoratus
900 4365 1076 4446 insignium
1096 4364 1272 4445 receptione
1293 4361 1533 4445 Fpidialamico
1543 4363 1587 4448 ⁴),
1608 4365 1656 4432 uti
1677 4366 1828 4447 inscribit,
1849 4369 2028 4449 gratimus
2046 4375 2080 4436 et
2094 4369 2231 4437 Erasmi

491 4469 609 4533 Manes
629 4466 769 4549 epicedio
787 4468 995 4547 prosequutus
1018 4468 1075 4527 est.
1117 4462 1237 4527 Extant
1256 4461 1388 4543 denique
1407 4462 1546 4543 ejusdem
1567 4465 1605 4531 de
1627 4464 1800 4549 Gymnasii
1821 4468 1997 4536 literatorii
2011 4468 2230 4548 Erfurdmsis

491 4568 587 4632 made
608 4572 640 4631 et
661 4566 887 4647 miciacum
897 4564 1122 4647 familiarium
1142 4562 1196 4627 lid.
1219 4561 1306 4642 ΧΠ,
1335 4561 1593 4644 Hodaeporicum
1611 4564 1738 4646 aliaque
1762 4566 1841 4632 adeo
1867 4568 2039 4634 innumera.
2089 4569 2231 4636 Tandem

491 4666 565 4731 tabe
588 4670 788 4747 consumptus
818 4668 952 4729 mortem
979 4663 1112 4744 oppetiit
1141 4679 1223 4727 anno
1246 4678 1340 4726 aerae
1367 4661 1567 4729 Christianae
1593 4663 1713 4730 ben
1743 4668 1837 4733 tertio
1858 4667 2019 4733 Nonamm
2041 4668 2188 4735 Octobris
2197 4670 2232 4751 ⁸)

594 4837 623 4905 1)
636 4836 778 4891 Ferrarius
795 4835 865 4905 ipse,
883 4834 928 4905 qui
938 4849 990 4904 por
1007 4835 1120 4890 alteram
1137 4850 1162 4889 a
1176 4837 1357 4902 luitpertum
1373 4841 1537 4891 remoratum
1555 4838 1650 4907 tenuit,
1666 4839 1739 4895 Albo
1754 4838 1872 4896 academ
1889 4857 1952 4897 eum
1966 4842 2082 4912 primum
2093 4841 2234 4912 mocripsit

492 4926 534 4981 bis
552 4923 655 4979 verbis:
674 4923 775 4977 Helius
792 4922 927 4976 Ecbanus
945 4922 1053 4976 Hermes
1069 4922 1160 4975 Poeta
1177 4926 1204 4975 ct
1220 4926 1316 4976 maur
1328 4922 1417 4990 facile
1428 4924 1573 4994 prinecps,
1590 4926 1739 4980 historicae
1757 4928 1867 4983 loetiorn
1880 4928 2053 4997 praefectum
2076 4927 2178 4997 quibua
2195 4930 2232 4984 ab

493 5012 548 5066 alia
564 5025 646 5065 mauu
664 5008 732 5063 haec
750 5006 843 5063 addita
860 5013 936 5062 sunt:
960 5008 1040 5063 Venit
1057 5008 1243 5078 Marpurgnm
1260 5023 1320 5061 cum
1337 5008 1430 5063 liberas
1447 5015 1475 5063 et
1492 5025 1581 5063 uxore
1600 5010 1730 5080 Septemb.
1750 5018 1772 5066 1.

590 5095 620 5163 2)
636 5093 690 5148 Dil.
708 5092 836 5149 mendose
852 5094 961 5163 scripsit
981 5093 1147 5164 dignitatem.

595 5181 625 5249 3)
642 5181 828 5235 Eccleeiostm
845 5181 872 5234 in
889 5180 1010 5249 margine
1029 5178 1133 5234 addidit
1148 5178 1217 5248 Dil,
1234 5185 1323 5247 reete,
1347 5180 1396 5235 sed
1413 5181 1567 5237 Roombia
1585 5199 1602 5237 a
1618 5182 1734 5239 Simlero
1755 5185 1833 5254 (epit
1853 5185 1974 5242 biblioth.
1994 5186 2023 5243 C.
2041 5185 2171 5257 Emori)
2189 5186 2233 5243 vel

493 5265 640 5322 Boiasardo
658 5266 686 5321 in
705 5281 825 5321 errorem
843 5265 969 5322 inductus
988 5263 1101 5320 Eobano
1119 5265 1248 5320 tribuisse
1263 5266 1382 5335 videtur,
1406 5282 1486 5335 quarn
1508 5268 1691 5326 Ecclesiastea
1714 5272 1750 5327 ab
1772 5288 1807 5330 eo
1829 5272 1952 5330 redditus
1975 5289 2031 5330 una
2047 5289 2110 5331 curn
2130 5275 2233 5330 Alouri

495 5352 595 5409 damea
611 5351 767 5407 Proverbiis
782 5351 883 5406 Salam.
900 5352 1018 5406 carmine
1034 5350 1149 5406 redditis
1169 5351 1295 5407 Basileae
1314 5367 1338 5407 a
1361 5353 1427 5407 15³8
1444 5353 1534 5410 editius
1552 5357 1597 5411 sit

593 5438 624 5508 4)
642 5437 708 5491 Cod.
727 5437 935 5507 Epitbolimico.

592 5524 622 5593 d)
641 5523 763 5578 Haedis
782 5524 799 5578 i.
819 5539 841 5577 e.
861 5525 955 5591 quinto
982 5539 1016 5578 m.
1042 5522 1102 5578 Oct.
1126 5538 1189 5578 euru
1209 5530 1342 5579 mortuum
1365 5539 1426 5579 ease
1447 5524 1532 5580 uadit
1554 5525 1737 5593 merarius,
1762 5541 1843 5596 quem
1867 5526 1993 5598 pleriqm
2014 5535 2179 5597 acquantum
2207 5536 2236 5586 at

495 5610 635 5666 Ferrarius
645 5609 718 5663 Albo
737 5610 892 5664 academico
910 5609 1056 5679 inscripsit,
1075 5624 1137 5664 eum
1156 5609 1212 5663 llll
1230 5609 1324 5665 Nonas
1336 5610 1431 5666 Octob.
1450 5611 1521 5666 diem
1539 5627 1618 5668 snum
1636 5613 1737 5669 obiisse
1754 5619 1782 5668 ct
1799 5619 1910 5683 postero
1928 5614 2019 5671 diein
2033 5615 2236 5672 Coemetoriun
