5409 7267
1129 1172 1346 1257 Rodolphus
1373 1173 1577 1241 Goclenins

1301 1278 1407 1337 Senior.

581 1400 629 1465 Ex
650 1400 705 1482 iis,
736 1397 789 1480 qui
807 1396 899 1463 hodie
918 1395 1000 1462 inter
1019 1394 1106 1462 viros
1130 1393 1241 1462 doctos
1267 1396 1415 1463 familiam
1438 1396 1572 1481 ducunt,
1600 1399 1716 1466 eminet
1736 1399 1785 1468 rel
1805 1400 1972 1484 praecipue
1991 1400 2059 1484 hic,
2087 1402 2142 1486 qui
2162 1421 2222 1469 nou

482 1518 577 1569 unam
590 1498 725 1581 aliquam
738 1496 957 1580 Philosophiae
969 1500 1102 1579 partem,
1122 1496 1231 1577 inqua
1245 1496 1433 1578 elaboraret,
1454 1499 1594 1580 seposuit
1614 1498 1683 1581 sibi,
1706 1499 1761 1565 sed
1781 1501 1917 1566 omnium
1937 1519 2045 1567 rerum
2061 1501 2224 1569 scientim

481 1606 598 1667 natura
615 1616 678 1665 uon
693 1601 892 1680 repugnante
904 1596 1090 1679 complexus,
1112 1596 1216 1662 omnia
1233 1594 1266 1660 in
1279 1594 1483 1678 Theologicis,
1505 1596 1740 1681 Philosophicis,
1761 1596 1970 1683 Philologicis,
1993 1599 2224 1668 Mathemmids

482 1707 515 1769 et
541 1699 676 1766 Poetieis
704 1697 818 1764 studiis
847 1696 922 1763 tulit
951 1701 1070 1778 puncta
1100 1695 1239 1761 universi
1271 1693 1492 1777 propemodum
1519 1697 1611 1762 Aonii
1639 1696 1672 1763 iu
1700 1695 1870 1763 Germania
1901 1703 2008 1765 111111
2036 1706 2225 1783 praeceptor

482 1798 669 1883 explanandi
698 1803 730 1864 et
759 1796 933 1862 disserendi
958 1813 1072 1877 genere
1106 1793 1270 1859 mirabilis.
1327 1794 1411 1861 Huic
1440 1794 1648 1862 Corbaohium
1676 1795 1924 1863 waldeoaiomm
1950 1799 2057 1881 patria
2089 1805 2157 1882 est3
2191 1806 2225 1868 at

482 1899 679 1979 Witteberga
699 1896 833 1963 eundem
854 1895 1004 1961 doctrinis
1027 1895 1167 1960 omuibus
1187 1893 1335 1975 expolivit
1356 1899 1388 1958 et
1409 1893 1561 1960 hominem
1581 1894 1733 1977 reddidit,
1766 1895 1926 1963 Gassellaa
1947 1904 2053 1963 autem
2075 1916 2224 1982 excepere

479 2001 622 2085 primum,
642 1997 697 2063 ubi
717 1997 782 2062 ludi
803 1996 935 2061 literarii
955 1995 1071 2060 Rector
1092 2012 1219 2076 operam
1240 1994 1272 2059 in
1293 1992 1463 2059 erudienda
1480 1995 1647 2077 juventute
1666 1996 1774 2076 posuit
1792 1996 1974 2077 aliquandiu
1988 1999 2174 2064 acerrimam
2187 2000 2223 2081 ¹).

481 2098 687 2169 Postmodum
707 2098 741 2162 iu
762 2095 905 2163 Sascheri
916 2095 946 2178 ²)
968 2094 1070 2160 locum
1090 2099 1241 2160 evocatus
1259 2092 1463 2175 Marpurgnm
1484 2112 1566 2159 anno
1585 2094 1752 2160 MDXXCI
1772 2114 1842 2161 eam
1862 2095 2080 2179 Philosophiae
2098 2104 2225 2180 partem

481 2200 607 2269 tradere
622 2198 726 2278 coepit
735 2195 869 2278 pubhce,
890 2212 971 2277 quae
985 2212 1088 2261 rerum
1105 2193 1292 2259 naturalium
1307 2210 1434 2259 caussas
1448 2193 1603 2276 edisserit,
1624 2194 1726 2277 ipsum
1741 2194 1872 2261 docendi
1889 2213 2004 2261 munus
2024 2196 2066 2262 ab
2081 2198 2225 2265 oratione

482 2301 523 2368 de
549 2299 696 2381 Physices
722 2294 921 2379 praestantia
956 2299 990 2360 et
1024 2293 1163 2360 utilitate
1191 2310 1297 2374 orsus,
1338 2297 1372 2357 et
1401 2298 1475 2375 post
1503 2293 1640 2360 Senatus
1668 2294 1844 2360 Academici
1869 2295 1962 2378 iussu
1991 2312 2031 2361 ac
2057 2296 2224 2364 voluntate

481 2418 608 2484 operam
636 2398 668 2463 in
693 2392 865 2462 disserendi
892 2398 962 2459 arte
990 2392 1175 2475 explicanda
1203 2392 1398 2475 interposuit
1448 2392 1563 2459 Docuit
1590 2393 1685 2459 edam
1709 2397 1801 2459 extra
1828 2392 1968 2460 ordinem
1989 2393 2165 2478 Sphaeram
2192 2401 2225 2463 et

481 2498 734 2578 Arithmeticam,
762 2493 891 2576 ejusque
912 2492 1023 2558 domus
1044 2491 1186 2557 omnibus
1207 2496 1299 2557 extm
1318 2489 1461 2573 publicas
1482 2491 1577 2558 horas
1604 2509 1667 2558 111
1693 2492 1788 2559 aliter
1813 2498 1908 2575 atque
1928 2491 2021 2560 ludus
2041 2495 2224 2577 quidamst

482 2599 606 2667 officina
633 2592 851 2677 Philosophiae
875 2594 981 2676 patuit
1010 2609 1148 2673 semper,
1185 2609 1224 2656 ex
1252 2607 1316 2674 qua
1348 2595 1500 2672 tauquam
1528 2609 1567 2656 ex
1596 2608 1675 2674 equo
1699 2589 1837 2674 Ihojano
1867 2592 2022 2659 innumeri
2052 2592 2137 2661 docti
2166 2595 2224 2662 viri
2307 2653 2309 2660 .

480 2698 674 2785 prodierunt.
716 2694 811 2761 certe
832 2692 953 2759 XXXV
973 2708 1128 2758 annorum
1154 2690 1259 2773 spacio
1285 2694 1414 2771 praeter
1434 2708 1506 2772 eos,
1535 2688 1649 2773 quibus
1676 2691 1810 2772 primam
1835 2689 2055 2776 Philosophiae
2084 2694 2224 2761 lauream

481 2800 611 2879 tribuit,
632 2798 717 2863 ultra
735 2792 792 2860 Dc
813 2810 871 2859 sua
890 2809 988 2858 manu
1006 2790 1232 2872 Magistrorum
1253 2789 1426 2874 impertivit
1445 2789 1632 2871 honoribus,
1653 2790 1702 2855 vir
1722 2790 1899 2857 inexhausti
1916 2790 2011 2873 plane
2031 2790 2160 2877 laboris,
2179 2794 2224 2861 ita

480 2905 520 2967 ut
538 2896 677 2982 eJusdem
696 2892 867 2960 assiduitas
894 2897 928 2958 et
955 2892 988 2957 in
1016 2890 1187 2958 erudienda
1210 2890 1376 2973 juventute
1403 2890 1581 2971 contentio,
1610 2907 1650 2955 11
1675 2890 1743 2971 ipso
1763 2889 1888 2972 quidem
1909 2891 2027 2957 aetatis
2048 2891 2132 2959 flexu
2153 2911 2224 2960 111-

482 3000 596 3067 sistere
616 2996 681 3062 ulla
702 2994 825 3060 ratione
847 2992 992 3076 quiverit.
1044 2989 1187 3057 Officium
1215 2993 1248 3055 et
1269 2994 1378 3071 partes
1398 2988 1517 3055 1111111
1542 2988 1623 3054 inter
1648 2987 1851 3072 Philosophus
1876 2991 2040 3072 usurpavit
2065 2993 2165 3061 octies
2191 2998 2224 3060 et

481 3096 624 3178 Reipubl.
645 3092 847 3159 Academicus
866 3090 1004 3175 praefuit
1025 3108 1094 3155 cum
1116 3088 1246 3171 imperio
1267 3088 1384 3153 Rector
1403 3106 1485 3153 anno
1504 3087 1639 3153 MDCXI
1659 3106 1697 3155 eo
1716 3088 1842 3169 quidem
1860 3093 2018 3172 tempore,
2039 3108 2104 3173 quo
2125 3092 2223 3175 pestis

482 3196 690 3278 hlarpurgum
712 3193 893 3256 immensum
915 3194 1063 3271 11111111
1082 3187 1167 3252 mille
1186 3186 1334 3252 ducentos
1362 3187 1434 3269 plus
1456 3188 1557 3252 minus
1581 3192 1615 3252 et
1636 3188 1718 3258 inter
1739 3205 1793 3253 eos
1813 3187 2014 3255 Valentinum
2031 3188 2224 3258 Schonernm

480 3296 543 3363 loci
563 3299 597 3361 et
616 3290 860 3374 cummjaeentis
881 3288 1069 3355 Diosoeaeos
1091 3287 1287 3368 episcopum,
1309 3302 1402 3366 quem
1423 3285 1724 3368 Superatendeutem
1742 3293 1857 3355 uocant
1877 3288 1989 3373 vulgo,
2010 3291 2159 3374 sustulit,
2187 3294 2223 3358 ut

481 3414 517 3464 11
535 3388 747 3478 1111111111)
769 3387 936 3455 Academia
958 3386 1208 3467 Francobergam
1229 3385 1368 3468 recipere
1388 3392 1564 3468 cogeretm.
1607 3385 1774 3453 Caeterum
1796 3406 1816 3453 a
1836 3388 1963 3471 Logicis
1981 3388 2225 3473 subtilitatibus,

481 3496 578 3563 Petro
597 3490 724 3574 Nigidio
745 3489 874 3556 Juniore
893 3504 977 3552 anno
997 3485 1101 3551 DCIII
1127 3484 1206 3551 rude
1231 3483 1364 3567 donato,
1393 3485 1433 3549 ad
1461 3503 1531 3551 eam
1558 3486 1720 3551 doctrinae
1746 3492 1888 3569 partem,
1919 3505 2001 3571 quae
2029 3489 2062 3555 iu
2088 3489 2224 3556 moribus

481 3591 709 3662 conformandis
730 3593 892 3669 versatur,
920 3583 1134 3668 explicandam
1163 3601 1290 3665 operam
1322 3583 1486 3650 transtulit
1516 3590 1549 3650 et
1576 3585 1733 3668 studium,
1773 3604 1868 3669 quam
1892 3589 1991 3655 totius
2017 3578 2105 3655 11111
2131 3607 2224 3655 cursu

480 3711 602 3763 suuima
628 3709 705 3758 cura
732 3694 765 3756 et
791 3707 853 3755 nou
879 3688 990 3753 minori
1016 3685 1225 3765 audientium,
1257 3684 1290 3748 in
1316 3701 1447 3766 quorum
1473 3684 1586 3750 animis
1614 3702 1683 3750 cum
1703 3684 1911 3752 delectatione
1931 3688 2027 3752 etiam
2048 3688 2224 3771 relinquere

482 3792 644 3863 cousuevit
671 3788 811 3870 1111111,
843 3786 1017 3852 attentione
1047 3787 1146 3865 atque
1171 3788 1298 3864 stupore
1323 3782 1530 3863 pertractavit
1558 3788 1591 3847 et
1615 3784 1760 3866 insuper,
1802 3786 2034 3868 nequicquam
2062 3789 2225 3855 omitteret

481 3911 608 3973 eorum„
634 3906 717 3972 quae
736 3886 931 3953 commodum
958 3885 1005 3949 rei
1032 3882 1192 3948 hterariae
1219 3887 1361 3962 spectare
1381 3881 1445 3946 ullo
1465 3880 1558 3946 modo
1579 3880 1784 3965 videbantur,
1813 3886 1983 3966 quotannis
2004 3885 2101 3953 libros
2122 3889 2225 3954 omnis

479 3991 620 4060 liberalis
639 3987 823 4055 eruditionis
844 3985 999 4051 varietate
1018 3989 1116 4065 atque
1135 3981 1224 4064 copia
1243 3979 1378 4046 refertos
1400 3984 1433 4046 et
1453 3979 1626 4047 industriae
1647 3987 1744 4064 atque
1765 3982 1885 4049 laboris
1903 3983 2022 4051 indices
2041 3985 2167 4068 emisit,
2190 3987 2223 4052 iu

480 4091 595 4177 quibus
627 4089 756 4155 enitent·
785 4084 835 4152 vel
873 4084 1037 4168 praecipue
1074 4082 1216 4148 Leoioon
1248 4080 1523 4163 podosopticum:
1571 4080 1785 4148 conatum.-
1826 4083 1962 4167 Isapope
1996 4086 2033 4150 io
2070 4083 2224 4169 Orpam

480 4189 684 4261 Aristotelis.-
706 4185 911 4252 Problemata
923 4178 1898 4268 1111111111111111111111111111111111111111111ίωὶ1111
1910 4182 2066 4269 Laptoue:
2090 4183 2223 4251 0111111

480 4291 605 4360 versioe
619 4285 878 4369 Philosophiam:
900 4283 1106 4350 Adversaris
1122 4281 1167 4347 od
1181 4281 1357 4348 exotericas
1379 4279 1502 4362 aliquot
1522 4281 1765 4347 suscitationes
1775 4280 1949 4366 Scolipcri:
1971 4281 2223 4368 Ooamoproploio

481 4413 538 4460 aaa
564 4388 726 4472 spuaoa,
756 4386 914 4470 Physica,
950 4382 1190 4467 Metupbysioo,
1224 4384 1257 4445 et
1285 4381 1446 4446 orationes
1473 4382 1567 4461 atque
1592 4387 1745 4461 poemata
1772 4380 1909 4463 aliquam
1936 4382 2055 4466 multa,
2090 4382 2223 4450 diversis

480 4491 599 4559 vicibus
621 4487 806 4555 elucubrata
828 4490 861 4551 et
880 4484 967 4550 edita
977 4483 1018 4567 ⁴).
1059 4482 1231 4562 Postremo,
1251 4484 1287 4545 ut
1301 4479 1357 4544 illa
1377 4496 1501 4563 quoque
1523 4475 1626 4544 laudis
1649 4483 1683 4544 et
1702 4479 1822 4562 gloriae
1841 4485 1934 4563 parte
1953 4481 2121 4567 frueretur,
2142 4483 2223 4551 iuter

481 4591 560 4657 alios
581 4588 622 4654 ad
641 4585 912 4653 Dordrechtanam
933 4583 1084 4666 synodum
1104 4580 1302 4663 grandaevus
1322 4578 1448 4661 quidem
1476 4582 1509 4643 et
1533 4576 1669 4644 LXXIII
1689 4596 1840 4646 annorum
1861 4580 1954 4648 homo
1966 4578 2017 4667 ⁸),
2044 4582 2102 4648 sed
2130 4583 2222 4650 uiridi

482 4689 658 4773 comprimis
685 4690 813 4753 senecta
840 4690 873 4751 et
899 4683 1031 4765 integris
1060 4681 1181 4748 viribus
1207 4679 1393 4745 mittebatur
1404 4678 1442 4761 ⁸).
1491 4676 1592 4758 Hujus
1619 4677 1678 4743 viri
1710 4676 1749 4744 de
1771 4677 1969 4763 Philosophia
1997 4680 2103 4748 1111111
2128 4683 2221 4765 iuxta

482 4794 579 4872 atque
598 4788 734 4855 humana
755 4786 871 4866 optime
892 4784 997 4849 meriti
1018 4782 1130 4848 honori
1150 4784 1184 4845 et
1204 4778 1315 4859 gratiis
1337 4777 1456 4843 isthaec
1476 4776 1606 4857 Eghnus

580 4928 609 4997 1)
629 4926 669 4982 ct.
693 4927 788 4982 Weber
805 4924 902 4980 (leuch.
921 4924 947 4979 d.
966 4923 1046 4979 stadt.
1065 4918 1306 4978 Gelehrtenschule
1323 4935 1358 4974 zu
1375 4916 1477 4973 011111.
1495 4932 1523 4986 p.
1542 4919 1576 4971 bu
1592 4931 1651 4986 sqq.

580 5015 610 5084 2)
629 5014 708 5069 Hunc
728 5014 755 5067 in
772 5011 940 5066 medicorum
957 5024 1069 5065 numero
1087 5008 1171 5063 habet
1189 5005 1244 5061 Dil.

581 5102 611 5164 3)
630 5097 753 5153 Goelenii
769 5098 867 5165 imago.

580 5186 611 5255 l)
630 5183 716 5239 Index
739 5184 901 5251 scriptorum
925 5180 960 5237 ab
984 5195 1018 5235 eo
1039 5180 1174 5236 editorum
1197 5175 1393 5248 quinquaginta
1415 5182 1531 5245 quatuor
1553 5137 1667 5248 papinus
1695 5177 1758 5233 libri
1781 5178 1958 5235 Strisderiani
1983 5180 2093 5251 implet,
2125 5183 2221 5251 quibas

386 5351 389 5356 Ι
481 5273 566 5329 multa
584 5270 717 5328 accedunt
735 5271 763 5324 iu
782 5268 921 5324 addendis.
1053 5284 1063 5315 1

580 5360 609 5427 b)
626 5357 714 5411 Natus
732 5361 791 5410 erut
809 5354 870 5410 Kal.
888 5354 968 5409 Mart.
983 5367 1007 5408 1.
1022 5353 1103 5422 1547,
1122 5352 1161 5407 ita
1177 5357 1209 5405 ut
1226 5349 1449 5407 Dordrechtauae
1468 5349 1563 5422 synodi
1582 5356 1704 5420 tempore
1719 5367 1744 5406 a
1763 5355 1830 5407 1619
1850 5367 1924 5423 eum,
1944 5368 2023 5424 quem
2041 5351 2098 5410 llil.
2116 5353 2221 5418 indicat,

482 5443 580 5500 aetatis
599 5458 699 5497 anunm
718 5447 860 5496 assecutus
879 5447 959 5495 esset

580 5528 610 5597 6)
629 5527 756 5595 Sequimur
779 5526 893 5581 duomm
915 5521 1042 5581 versuum
1067 5531 1094 5579 et
1119 5521 1223 5578 dimidii
1249 5522 1367 5593 spatium
1395 5522 1457 5579 aliis
1483 5524 1565 5581 rebus
1586 5522 1718 5581 addendis
1740 5523 1916 5596 destinatum,
1947 5542 2029 5597 quum
2059 5532 2125 5597 post
2152 5527 2221 5581 hunc

481 5614 581 5670 librum
598 5614 753 5669 absolutum
769 5629 794 5669 a
814 5615 881 5668 1628
899 5611 1045 5668 Goolenius
1064 5610 1170 5666 obierit.
