5409 7267
1144 1132 1332 1214 Georgius
1362 1131 1520 1199 Solmius
1537 1133 1564 1213 1)

1235 1261 1469 1318 Rossbacbiensis.

604 1409 641 1476 In
669 1426 729 1492 quo
756 1406 911 1475 modestia
940 1415 973 1476 et
1000 1428 1119 1477 morum
1147 1413 1286 1479 suavitas
1315 1412 1482 1495 singularis
1513 1430 1584 1478 cum
1610 1411 1739 1493 pietatis
1766 1417 1799 1477 et
1827 1409 2061 1492 disciplinarum
2089 1410 2225 1477 omnium

480 1517 592 1575 exacta
611 1508 786 1591 cognitione
807 1509 950 1591 certavit,
971 1527 1049 1591 quas
1069 1512 1187 1593 ipsein
1209 1513 1267 1577 bac
1283 1512 1452 1577 Academia
1473 1517 1506 1577 et
1519 1516 1630 1594 postea
1641 1510 1869 1591 Heidelbergae
1881 1510 2225 1593 publiceprieatimque

481 1606 642 1690 professus
669 1612 703 1673 et
729 1624 842 1687 magno
872 1607 1033 1675 studiosae
1058 1610 1231 1691 juventutis
1258 1612 1476 1676 emolumento.
1525 1610 1606 1675 Huic
1633 1628 1737 1675 rerum
1758 1610 1934 1676 diuinarum
1955 1607 2067 1674 studiis
2087 1608 2225 1691 impense

482 1706 588 1773 dedito
614 1725 685 1773 cum
718 1711 792 1772 ante
829 1706 1064 1789 quadriennium
1097 1727 1181 1774 anno
1208 1710 1350 1775 videlicet
1377 1709 1573 1775 MDLXXIV
1607 1727 1713 1774 meuse
1741 1708 1872 1776 Octobri
1899 1708 1939 1773 ab
1974 1707 2135 1773 Hlustriss.
2163 1707 2225 1772 ΡΡ.

482 1805 648 1871 Wilbelmo
670 1809 705 1871 et
725 1805 882 1872 Ludovico
903 1806 1091 1888 Theologiae
1112 1809 1244 1889 primum
1263 1828 1300 1875 ac
1320 1809 1394 1875 dein
1413 1809 1624 1890 subsequente
1644 1808 1784 1891 proximo
1808 1825 1891 1873 anno
1911 1807 2078 1874 Hebraeae
2098 1806 2226 1888 linguae

482 1903 632 1989 professio
654 1904 686 1970 in
707 1904 888 1971 visitatione
907 1907 1048 1988 generali
1071 1907 1259 1973 demandata
1280 1908 1408 1989 fuisset,
1437 1926 1571 1989 quarum
1597 1907 1684 1973 illam
1709 1906 1823 1973 nobilis
1852 1906 1902 1972 vir
1923 1906 1954 1973 J.
1982 1924 2003 1972 a
2027 1905 2227 1973 Waldmans-

482 2004 618 2085 hausan,
645 2004 726 2070 hane
748 2003 861 2071 Justus
882 2005 1029 2087 Vultejus
1050 2006 1327 2089 Paedagogiarcha
1347 2008 1543 2073 sustinuerat
1553 2006 1583 2089 ²)
1604 2012 1713 2089 arma,
1735 2006 1925 2072 Doctoratus
1947 2006 2084 2088 insignia
2105 2006 2138 2071 in
2164 2004 2224 2072 hac

482 2102 650 2169 Academia
680 2101 853 2169 offeruntur
875 2122 958 2169 anno
978 2099 1157 2171 DLXXHX
1178 2106 1249 2172 Jan.
1271 2106 1324 2173 IV.
1376 2106 1541 2172 Caeterum
1568 2107 1705 2189 acceptis
1733 2124 1816 2171 anno
1841 2104 2005 2171 DXXCIII
2031 2122 2051 2169 a
2073 2103 2225 2170 sereniss.

483 2200 560 2269 duce
587 2201 708 2268 Joanne
731 2200 882 2268 Casimiro
910 2203 1107 2270 Palatinatus
1137 2210 1204 2271 tum
1232 2206 1381 2287 temporis
1402 2205 1666 2271 Administratore
1695 2205 1814 2285 literis,
1842 2205 1901 2270 bac
1929 2203 2038 2269 relicta
2058 2202 2226 2269 Academia

482 2299 766 2383 Heidelbergam³)
786 2302 928 2367 secessit:
959 2302 1013 2368 ubi
1036 2303 1236 2386 Theologiam
1259 2309 1324 2370 tam
1347 2305 1472 2387 scriptis
1495 2305 1682 2371 doctissimis
1703 2304 1820 2386 ingenii
1839 2308 1872 2370 et
1889 2302 1963 2368 fidei
1983 2302 2119 2369 testibus
2139 2302 2226 2369 lucu·

482 2398 672 2480 lectissimis,
692 2416 785 2481 quam
805 2400 876 2465 viva
895 2419 971 2467 voce
990 2404 1178 2485 propagavit
1196 2409 1230 2470 et
1245 2404 1416 2471 illustrauit
1429 2404 1547 2470 sedulo.
1591 2404 1716 2485 Scripta
1732 2422 1807 2469 vero
1823 2402 1908 2469 edita
1921 2401 2226 2485 comprehenduntur

481 2497 583 2564 tribus
605 2498 697 2563 tomis
724 2499 836 2565 Primo
857 2502 896 2566 de
914 2501 1008 2567 aerbo
1028 2501 1094 2568 Dei
1115 2505 1233 2585 atejus
1255 2506 1446 2571 tractatione
1468 2505 1521 2571 tib.
1542 2504 1596 2570 II:
1625 2503 1770 2572 Secuado
1790 2502 1947 2586 Synopsis
1965 2504 2033 2567 sice
2053 2502 2225 2567 delineatio

481 2597 618 2665 methodi
641 2597 845 2682 cacologiae.-
867 2601 973 2667 Tcrtio
989 2601 1161 2667 Mattodus
1181 2601 1370 2686 ibeolopiae
1385 2604 1482 2684 pictae
1502 2603 1719 2685 conformata:
1742 2608 1858 2684 quarto
1879 2602 1960 2667 Idea
1983 2601 2123 2666 locorum
2145 2619 2225 2665 carra

480 2698 625 2763 manium
646 2697 916 2781 Hecatopicorum:
947 2702 1057 2783 quinto
1077 2701 1233 2784 Spinopara
1261 2704 1360 2768 totius
1386 2704 1530 2784 corporis
1555 2703 1721 2767 doctrinae
1743 2700 1891 2781 Philippi
1918 2698 2058 2765 thesidae
2087 2718 2224 2781 cornpre·

480 2796 599 2863 benaa:
628 2796 724 2864 Scato
752 2797 839 2863 aliae
863 2798 964 2865 theses
991 2801 1031 2865 de
1052 2802 1219 2882 plerisque
1230 2802 1260 2884 ⁴)
1282 2802 1472 2884 Haeclopiae
1494 2801 1650 2882 partibus
1670 2803 1706 2867 ia
1726 2799 1913 2865 Acadaniis
1934 2799 2169 2882 Marparpensi
2195 2805 2227 2866 et

481 2895 745 2980 Heidelberpeasi
755 2898 948 2979 disputatae.
990 2899 1135 2966 Socanda
1149 2917 1224 2964 vero
1239 2900 1334 2966 Tamo
1348 2900 1526 2965 continetur
1538 2899 1695 2983 Eaepesis
1706 2899 1736 2981 ⁵)
1750 2900 2003 2981 praecipemus
2015 2898 2226 2963 articulorum

482 2995 696 3079 Augustuaac
718 2995 946 3080 Confessioais.
1000 2998 1106 3064 Tertio
1134 2999 1268 3080 denique
1295 2998 1459 3065 exhibetur
1479 2998 1635 3083 Eacaceia
1663 2999 1939 3081 interpretationis
1960 2997 2175 3065 Scholasticae
2195 3002 2227 3062 et

483 3095 686 3179 meoloptcae
705 3117 803 3179 super
823 3098 953 3165 selectos
975 3098 1099 3182 aliquot
1112 3099 1258 3180 paulonas
1279 3098 1424 3166 Decidio
1438 3097 1476 3180 ⁸).

1164 3374 1298 3439 Daniel
1323 3373 1547 3440 Arcularius

1261 3524 1444 3583 cassellanua

604 3702 760 3785 Magister
779 3701 898 3767 artium
919 3720 938 3768 e
961 3700 1068 3768 schola
1088 3700 1281 3781 Tubingensi
1302 3699 1364 3765 buc
1384 3700 1427 3764 ad
1456 3696 1668 3763 instituendos
1690 3694 1917 3779 Stipendiarios
1946 3692 2113 3761 traductus
2134 3697 2225 3762 erim

481 3802 621 3871 ordinem
641 3802 725 3868 locos
746 3802 931 3883 praecipuos
953 3799 1156 3881 Theologicos
1176 3798 1312 3880 Philippi
1331 3795 1571 3877 Melanchtonis,
1592 3813 1692 3878 usque
1713 3795 1789 3861 dum
1814 3795 1914 3877 locus,
1932 3794 1987 3877 qui
2007 3793 2126 3859 homini
2143 3795 2225 3861 inter

482 3902 658 3984 Theologos
680 3901 775 3967 tribui
797 3905 919 3983 posset,
947 3905 1091 3980 vacaret,
1117 3898 1289 3964 illustravit
1309 3902 1343 3962 et
1365 3896 1538 3962 orationem
1557 3894 1785 3961 confluentibus
1807 3894 1945 3977 undique
1966 3893 2164 3959 auditoribus
2185 3891 2225 3959 de

482 4003 606 4068 ratione
632 3999 817 4065 instituendi
845 3999 940 4065 studii
969 3998 1150 4079 Theologici
1178 4015 1262 4063 anno
1285 3996 1435 4061 MDLXX
1455 3995 1601 4061 ianuarii
1621 3994 1681 4059 XV
1711 3994 1821 4059 habuit
1847 3992 1980 4075 publice.
2029 3990 2106 4057 Cum
2127 3991 2225 4073 igitur

482 4119 539 4184 per
559 4100 780 4182 sesquiannum
809 4099 992 4180 tyrocinium
1020 4098 1143 4163 lecisset
1171 4096 1435 4176 eruditionemque
1455 4093 1624 4177 'probasset
1651 4092 1807 4173 omnibus,
1834 4092 1949 4157 ioanni
1977 4109 1997 4156 a
2024 4090 2225 4157 Waldmans-

482 4200 603 4265 bausen
624 4204 813 4279 surrogatus
841 4198 874 4262 in
903 4214 1065 4262 nmnerum
1093 4196 1322 4262 ordinariorum
1342 4192 1553 4275 professorum
1574 4193 1723 4275 recipitur
1749 4209 1832 4257 anno
1856 4190 2024 4256 MDLXXI
2046 4189 2135 4255 iunii
2155 4190 2224 4255 XV.

483 4299 627 4365 Decanus
648 4296 760 4362 debinc
779 4301 906 4363 creatus
925 4302 974 4361 est
994 4312 1077 4360 anno
1091 4295 1254 4360 DLXXIH
1274 4311 1312 4358 ac
1334 4293 1482 4358 decennio
1503 4296 1576 4374 post
1587 4292 1712 4358 Hector.
1755 4289 1896 4357 Gradum
1910 4296 2017 4355 autem
2036 4288 2225 4371 Tbeologiae

484 4415 638 4464 summum
652 4402 685 4461 et
696 4395 842 4461 Doctoris
857 4394 985 4460 titulum
998 4395 1168 4476 promeruit
1189 4411 1272 4458 anno
1286 4391 1433 4457 DLXXV
1446 4392 1476 4472 ⁷)
1497 4408 1535 4455 ac
1556 4390 1681 4457 biennio
1695 4394 1767 4472 post
1783 4390 1922 4455 secunda
1943 4390 2009 4453 viee
2022 4389 2224 4453 Rectoratum

483 4497 590 4580 gessit.
631 4494 706 4560 Vita
727 4494 891 4559 defunctus
911 4492 1037 4558 tandem
1056 4493 1086 4559 X
1107 4493 1223 4575 Aprilis
1244 4509 1326 4557 anno
1347 4488 1492 4571 DXCVI,
1521 4507 1619 4571 quum
1640 4507 1739 4556 annos
1763 4489 1851 4554 XXV
1872 4488 2085 4554 Professorem
2106 4487 2224 4569 egisset

484 4602 518 4664 et
537 4594 698 4678 Ephorum
717 4593 986 4675 vigilantissimum
999 4593 1037 4675 ⁸).

588 4838 680 4908 1)Sic
704 4837 850 4907 perspicue
868 4836 998 4906 scriptum
1022 4842 1111 4892 exstat
1138 4852 1187 4905 per
1210 4836 1306 4889 mirum
1323 4849 1443 4889 errorem
1462 4849 1559 4889 nomen
1581 4833 1631 4888 riri
1652 4832 1813 4890 Haunianae
1835 4832 1975 4889 doctrinae
1995 4839 2107 4890 menna
2129 4830 2224 4888 adeer-

485 4926 584 4990 cantia,
613 4924 661 4993 qui
684 4938 748 4977 rere
769 4923 889 4978 &baius
910 4922 1109 4992 appellabatur.
1152 4921 1270 4978 Uberius
1293 4909 1328 4976 da
1351 4935 1385 4975 eo
1409 4920 1466 4989 egit
1489 4920 1516 4976 J.
1543 4918 1670 4975 Caluinus
1694 4918 1817 4976 oratiom
1839 4919 1985 4992 parentali,
2018 4934 2072 4990 qna
2096 4918 2139 4975 usi
2162 4924 2225 4974 sunt

485 5013 615 5081 Adamus,
633 5010 730 5065 Tilem.
748 5008 783 5064 al.

589 5100 619 5167 2)
637 5097 682 5151 Sic
699 5094 766 5167 cod,
784 5095 836 5150 Til.
853 5096 1050 5151 euatinucramt.

586 5186 616 5254 8)
633 5183 723 5238 Locus
740 5180 873 5250 imaginis.

588 5270 617 5338 4)
635 5268 700 5323 Cod
712 5269 845 5339 plerique.

588 5358 618 5426 b)
637 5354 702 5410 eod
720 5356 830 5410 Eaeeia.

589 5443 619 5511 6)
636 5440 758 5509 Spatium
777 5440 903 5508 exiguum
921 5438 1053 5496 addendis
1071 5439 1195 5496 relictum
1213 5446 1262 5497 eet.

590 5530 621 5592 7)
637 5525 728 5581 Locus
745 5525 876 5594 imaginis.
1196 5530 1197 5534 ’

589 5613 619 5681 8)
638 5610 704 5668 cod.
721 5612 967 5683 diligentissimam.
