5409 7267
1149 1155 1364 1224 Theodorus
1394 1156 1564 1241 Viator¹)

1275 1262 1428 1320 Licbemis.

485 1411 491 1422 “
579 1405 639 1473 1111
653 1404 830 1474 Christiano
843 1403 973 1470 Victore
986 1408 1019 1470 et
1031 1403 1203 1471 catharina
1217 1405 1376 1487 Steplerin
1389 1405 1574 1487 parentibus
1588 1405 1713 1487 optimis
1727 1406 1900 1474 aduncum
1914 1408 2032 1475 Christi
2042 1408 2224 1475 MDLXVII

480 1511 576 1573 natus
597 1506 684 1572 etin
706 1506 876 1588 pietateat
897 1503 998 1570 literis
1018 1505 1178 1586 praeclare
1198 1506 1362 1572 institutus
1387 1510 1447 1570 est.
1496 1505 1578 1572 Hinc
1605 1524 1666 1587 quo
1695 1524 1777 1572 anno
1804 1526 1982 1591 supremam
2003 1508 2224 1591 Philosophiae

479 1606 622 1673 lauream
641 1604 805 1687 Marpurgi
831 1604 1028 1685 impetrarit,
1057 1605 1167 1670 eodem
1196 1605 1307 1685 etiam,
1337 1605 1483 1671 nimirum
1502 1604 1697 1687 MDXXcV,
1725 1624 1744 1671 e
1771 1610 1875 1689 patria
1898 1609 2055 1675 cassellas
2075 1613 2223 1675 evocatus

476 1706 637 1789 juventuti
657 1703 838 1771 liberalibus
867 1703 989 1768 artibus
1016 1703 1226 1769 instituendae
1254 1705 1287 1770 in
1312 1704 1420 1770 schola
1448 1705 1503 1769 illa
1528 1710 1597 1769 tnm
1622 1704 1736 1771 celebri
1758 1705 1939 1773 Caesellana
1960 1727 2059 1775 annes
2079 1707 2225 1774 undecim

481 1824 612 1889 operam
630 1804 735 1886 dedit,
764 1803 962 1870 connectaris
982 1821 1112 1868 munere
1135 1808 1290 1884 suscepto.
1333 1804 1538 1869 Postmodum
1559 1821 1640 1869 anno
1662 1804 1811 1872 MDXCV
1831 1826 1852 1871 a
1873 1808 2012 1873 Crameri
2033 1807 2122 1873 obitu
2143 1806 2225 1871 hanc

480 1906 657 1990 principum
677 1908 711 1970 et
729 1902 916 1969 Academiae
935 1907 1062 1983 patrum
1084 1921 1237 1968 consensu
1257 1904 1390 1984 sumpsit
1411 1921 1556 1984 operam,
1584 1909 1622 1968 ut
1644 1905 1780 1971 Graecas
1801 1906 1926 1988 literas,
1955 1908 2069 1989 quibus
2090 1907 2225 1972 omnium

481 2006 694 2071 doctrinarum
723 2003 857 2068 debetur
882 2002 1037 2083 inventio,
1067 2002 1195 2067 doceret
1223 2003 1256 2066 in
1281 2002 1452 2068 Academia
1480 2003 1609 2085 publice.
1662 2005 1762 2082 Quam
1790 2024 1881 2071 suam
1907 2007 2099 2087 provinciam
2125 2022 2223 2071 annos

480 2106 600 2171 multos
629 2122 697 2170 cum
724 2101 817 2168 laude
844 2102 1011 2181 sustinuit,
1051 2102 1083 2166 in
1115 2119 1213 2182 eaque
1243 2103 1379 2184 optimos
1411 2120 1551 2184 quosque
1581 2102 1720 2169 Graecos
1750 2106 1914 2185 antherae,
1952 2106 2119 2187 praecipue
2149 2122 2223 2170 aero

481 2206 653 2272 Isocratem
682 2208 732 2283 et,
769 2201 855 2284 ardus
885 2201 1018 2266 lectione
1051 2219 1086 2265 se
1118 2219 1313 2283 summepere
1346 2202 1541 2283 oblectabat,
1577 2202 1749 2268 Homerum
1784 2204 1850 2270 lere
1876 2206 2032 2286 integrum
2061 2204 2225 2287 perspicue

481 2304 665 2388 explicavit,
695 2302 783 2383 cujus
808 2307 841 2366 et
863 2300 1035 2381 Odysseam
1057 2301 1170 2365 Latino
1194 2300 1320 2366 heroica
1349 2302 1486 2366 carmine
1515 2301 1555 2366 ad
1584 2302 1685 2366 vivum
1707 2305 1870 2385 expressit.
1925 2305 2097 2370 Testantnr
2118 2309 2223 2369 autern

481 2406 552 2487 ejus
571 2405 605 2470 in
625 2403 748 2484 Lingua
766 2401 887 2466 Graece
908 2401 1047 2466 docenda
1068 2402 1161 2465 tidem
1181 2402 1349 2466 etiamnum
1369 2406 1513 2466 extantes
1533 2401 1773 2486 lucubrationes,
1795 2410 1831 2469 ut
1849 2406 1885 2469 r'a
1905 2405 2057 2486 insignem
2074 2404 2224 2471 Platonis

480 2504 667 2588 Dictaeum,
688 2502 744 2584 qui
757 2502 942 2584 Eatbypbr.·
958 2501 1007 2566 uel
1023 2502 1062 2565 de
1077 2501 1254 2567 Sanctitate
1267 2501 1457 2584 inscribitur,
1477 2509 1588 2568 actae:
1611 2506 1644 2566 et
1664 2504 1696 2567 in
1713 2521 1844 2569 aureum
1858 2503 2066 2586 Plutarcbv)
2086 2503 2224 2568 libellum

480 2606 521 2672 de
541 2605 727 2671 educatione
748 2602 921 2667 liberarum
943 2602 1089 2667 diuersae
1112 2602 1338 2683 paraphrases
1360 2608 1389 2666 et
1411 2602 1574 2684 Analyscs
1600 2601 1713 2667 editae.
1764 2604 1894 2669 Prostat
1921 2609 1955 2668 et
1981 2604 2128 2669 mamea
2155 2603 2223 2684 ejus

480 2706 687 2773 Rhetoricam
705 2706 859 2783 perpetua
880 2700 1046 2766 authorum
1073 2701 1298 2782 propemodum
1317 2702 1469 2783 omnium,
1497 2703 1550 2783 qui
1570 2703 1603 2767 in
1623 2702 1824 2768 Rhetorieam
1845 2702 1994 2784 Talaei³)
2022 2703 2224 2784 scripserunt,

480 2805 664 2884 collatione,
684 2819 767 2866 anno
782 2799 965 2866 MDXCVII
982 2807 1128 2864 accurate
1146 2802 1329 2881 expositum.
1373 2801 1463 2865 Anne
1483 2807 1650 2882 praeterea
1666 2802 1770 2867 DCIII
1789 2808 1863 2884 post
1882 2803 2036 2868 Farinarii
2057 2820 2225 2888 excessum,

480 2902 645 2989 principali
666 2901 815 2966 mandato
835 2899 1040 2980 Paedagegeo
1062 2917 1185 2980 queque
1206 2900 1383 2981 praelectus
1404 2905 1437 2965 et
1457 2900 1497 2965 ab
1517 2902 1724 2983 Hartmanuo,
1747 2904 1800 2983 qui
1822 2909 1890 2967 tum
1913 2904 2062 2984 temporis
2082 2903 2224 2968 Rectoris

480 3004 669 3087 fungebatur
690 3018 831 3080 munere,
858 3000 979 3081 publice
1000 3000 1199 3064 renunciatus
1221 3005 1269 3064 est
1290 2999 1399 3080 homo,
1429 3000 1477 3064 cui
1498 3002 1620 3066 nescias
1640 3003 1779 3084 majorne
1801 3001 1960 3067 doctrinae
1982 3007 2078 3084 atque
2099 3002 2223 3082 ingenii,

481 3125 523 3173 an
542 3122 617 3171 vero
636 3101 845 3168 humanitatis
867 3099 942 3164 laus
964 3099 1132 3164 tribuenda
1161 3100 1211 3164 sit.
1261 3099 1343 3163 Nam
1375 3099 1415 3164 de
1439 3099 1596 3165 industria
1623 3101 1656 3166 in
1682 3101 1877 3166 instituenda
1903 3106 2011 3166 aetate
2036 3101 2164 3184 juvenili
2191 3106 2225 3166 et

482 3204 634 3271 acerrimo
652 3202 718 3283 ejus
741 3199 844 3266 studio
866 3199 917 3263 hic
935 3200 1060 3281 quidem
1082 3199 1183 3264 dicere
1204 3198 1248 3263 nil
1270 3199 1396 3263 attinet.
1449 3198 1553 3280 Opera
1582 3200 1654 3281 ipsa
1679 3206 1712 3265 et
1739 3200 1828 3266 labor
1858 3200 2046 3282 indefessus,
2078 3218 2171 3282 quem
2192 3200 2224 3266 in
2306 3187 2312 3208 '

482 3304 611 3370 infinitis
633 3298 860 3383 propemodum
881 3300 956 3364 viris
979 3300 1078 3364 doctis
1099 3300 1190 3380 quasi
1211 3317 1305 3362 manu
1324 3298 1479 3379 lingendis
1499 3305 1547 3363 tot
1564 3318 1663 3365 annos
1683 3302 1796 3381 posuit,
1817 3301 1908 3365 istius
1931 3301 1977 3365 rei
1995 3305 2070 3365 sunt
2090 3318 2224 3381 gnomon

482 3409 578 3485 atquc
606 3402 716 3483 regula
745 3418 809 3464 non
839 3418 929 3464 secus
960 3417 999 3463 ac
1035 3404 1138 3462 matus
1172 3399 1238 3479 ipse
1276 3397 1411 3477 indicat,
1450 3397 1633 3463 didiceritne
1667 3400 1780 3481 ahquis
1808 3400 1998 3481 palaestram
2028 3417 2069 3463 an
2096 3400 2223 3464 nesciat.

483 3501 693 3583 caeteroquin
712 3506 839 3581 praeter
858 3500 997 3564 lteeteris
1017 3516 1143 3577 munus,
1164 3514 1227 3577 quo
1247 3514 1328 3561 auno
1350 3496 1500 3561 MDCXV
1521 3496 1722 3563 laudabiliter
1742 3500 1909 3565 defunctus
1931 3512 1997 3580 est,
2029 3499 2123 3563 etiam
2141 3500 2224 3563 vices

482 3601 626 3668 Rectoris
649 3597 813 3680 Crucigera
834 3600 866 3663 in
885 3597 1124 3662 Derdrechtana
1146 3596 1264 3677 synode
1286 3595 1414 3660 absente
1440 3614 1639 3677 permenses
1665 3596 1731 3663 fere
1761 3617 1870 3663 novem
1900 3598 1999 3679 probe
2020 3598 2172 3662 sustinuit
2181 3596 2225 3679 ⁴),

484 3707 519 3768 et
538 3699 660 3781 collegii
680 3698 888 3779 Philosophici
910 3697 1113 3761 Decurienem
1142 3697 1207 3776 egit
1234 3701 1363 3776 qnater,
1390 3713 1472 3759 anne
1501 3696 1645 3761 videlieet
1664 3696 1859 3779 MDXCVII,
1887 3715 1948 3779 que
1971 3698 2070 3777 pestis
2092 3697 2225 3761 saevitia

483 3800 653 3867 Academia
672 3799 798 3881 penitus
820 3798 972 3879 dissipata
994 3796 1070 3875 luit,
1091 3794 1192 3875 Dcv,
1213 3795 1301 3861 Dcll
1321 3801 1353 3858 et
1375 3795 1506 3875 denique
1527 3794 1712 3879 DcXVl⁸).
1762 3798 1826 3865 Sub
1849 3798 1949 3880 ipsius
1971 3795 2074 3878 effigie
2094 3796 2225 3879 Eglinns

968 3897 1024 3951 Est
1046 3895 1141 3948 Victor
1157 3910 1219 3949 aere
1240 3893 1400 3949 theodorus
1417 3895 1524 3949 nomiae
1541 3910 1630 3964 reque,

1005 3981 1094 4050 Quam
1112 3987 1195 4050 typus
1212 3982 1264 4035 iste
1280 3981 1379 4049 refert,
1396 3982 1440 4033 air
1454 3982 1559 4049 pietate
1572 3983 1675 4050 praeis,

970 4067 1116 4137 Gyrnnasic'
1134 4068 1246 4134 Rector,
1271 4068 1381 4136 linquae
1402 4066 1575 4135 Graecaeque
1593 4069 1744 4139 Professor

1001 4154 1116 4208 Artibus
1133 4153 1259 4208 excultas
1280 4153 1485 4223 lbeolapusqae
1502 4152 1597 4207 barras.

1086 4417 1379 4499 christophorus
1406 4367 1628 4485 hluldnerus
1686 4393 1688 4395 ,

582 4546 950 4631 Spengenbergensisl),
978 4548 1153 4613 Medicinae
1174 4550 1307 4632 Doctor,
1337 4549 1442 4633 Majiri
1470 4550 1595 4616 labores
1623 4550 1662 4615 ab
1684 4551 1826 4631 ejmdem
1847 4548 1936 4615 obitu
1956 4563 2039 4612 anne
2061 4542 2225 4609 thcll

484 4651 518 4716 in
536 4668 642 4716 rerum
662 4648 857 4713 naturalium
876 4649 1045 4714 reconditis
1068 4666 1143 4714 sone
1162 4655 1257 4729 atque
1275 4650 1392 4715 abditis
1419 4651 1537 4716 caussis
1565 4649 1762 4731 exquirendis
1783 4656 1816 4715 et
1835 4644 2070 4730 explicandis¹)
2093 4644 2221 4724 excepit.

485 4750 530 4815 At
555 4765 638 4815 enne
665 4750 761 4813 tertie
789 4754 877 4831 post,
911 4748 1072 4814 undecimo
1101 4748 1243 4815 Januaril
1270 4756 1302 4815 et
1331 4765 1444 4815 munes
1474 4756 1506 4816 et
1534 4750 1629 4816 vitam
1660 4750 1804 4832 reliquit,
1835 4749 1925 4831 cujus
1951 4752 2060 4830 partes
2089 4743 2224 4825 suscepit

487 4850 633 4916 Nicotaus
654 4848 771 4913 Bruno.
1097 4855 1101 4866 ·

585 5002 614 5061 ll
635 4996 675 5050 Cf.
689 5002 800 5064 praeter
819 4995 984 5051 Striederum
1007 4997 1102 5052 Weber
1121 4998 1218 5054 Gescb.
1238 4997 1263 5053 d.
1281 4996 1364 5053 stadt.
1383 4996 1626 5053 Gelehrtenschule
1641 5014 1676 5051 zu
1692 4996 1787 5052 Cassel
1806 5014 1834 5066 p.
1852 4978 1887 5051 66
1906 5011 1946 5064 sq.

586 5084 616 5153 2)
633 5084 725 5151 Imago
741 5083 868 5137 Victoris.

584 5171 614 5239 3)
632 5168 803 5223 Andomarus
815 5168 932 5223 Talaeus
945 5169 1037 5237 (cmer
1049 5169 1159 5241 Talon),
1177 5178 1300 5226 mortuus
1312 5171 1425 5227 Parisiis
1438 5186 1464 5226 a.
1478 5173 1554 5239 lace,
1573 5176 1682 5239 praeter
1694 5169 1749 5224 alia
1759 5168 1869 5238 scripsit
1886 5165 2071 5225 institutiones
2089 5169 2222 5224 oratorias

485 5276 507 5318 s.
524 5255 710 5324 Rhetorieam,
729 5255 759 5310 P.
776 5255 854 5310 Remi
873 5254 992 5324 vestigiis
1009 5256 1147 5326 insistens,
1166 5259 1243 5326 cujus
1259 5257 1320 5313 libri
1338 5272 1424 5328 usque
1443 5256 1478 5312 ad
1495 5257 1577 5312 linem
1596 5255 1697 5312 saeculi
1716 5254 1782 5310 xvl
1799 5255 2033 5324 frequentissimus
2050 5262 2109 5311 erat
2126 5272 2199 5310 usus.

584 5346 615 5404 4)
634 5341 764 5409 cruciger
780 5342 904 5397 Rectoris
923 5358 1034 5398 munera
1051 5347 1158 5398 tunctus
1175 5351 1217 5398 est
1234 5346 1311 5400 annia
1332 5348 1398 5399 1618
1414 5351 1443 5399 et
1463 5347 1537 5400 1619.
1794 5399 1805 5421 ,

584 5430 613 5492 5)
632 5428 748 5482 Parvum
771 5429 888 5496 spatium
910 5443 1024 5483 vaenum
1045 5430 1174 5496 sequitur.
1200 5461 1234 5469 -
1261 5429 1294 5483 A.
1314 5430 1381 5485 1636
1406 5431 1501 5486 Vietor
1525 5444 1635 5485 munere
1666 5445 1696 5486 se
1720 5429 1868 5501 abdicarit,
1892 5438 2014 5487 mortuus
2040 5437 2082 5486 est
2105 5429 2224 5485 P'ntorio

486 5519 598 5570 auctore
615 5529 638 5568 a.
661 5518 740 5583 1644,
759 5513 897 5569 Striedero
915 5521 1001 5584 teste,
1020 5516 1066 5585 qui
1084 5515 1206 5570 oratione
1224 5516 1330 5571 funebri
1347 5516 1376 5571 in
1393 5532 1455 5573 eum
1472 5518 1567 5573 habita
1583 5534 1648 5574 usus
1667 5524 1721 5589 est,
1741 5533 1765 5575 a
1784 5523 1860 5576 1645.

585 5601 615 5670 6)
633 5600 765 5657 Pistorius
784 5607 812 5655 et
829 5601 950 5658 Strieder
968 5618 1030 5658 eum
1051 5602 1237 5657 cassellanum
1254 5601 1353 5660 dicunt.
1454 5607 1483 5676 7)
1500 5606 1591 5661 Locus
1609 5604 1741 5673 imaglma
