5409 7267
1176 1164 1343 1231 loannes
1369 1164 1525 1232 Richius

1243 1270 1457 1327 Hannorersnns

541 1434 550 1452 ¹
577 1409 691 1481 Poesin
710 1412 893 1496 aliquandiu
911 1413 945 1479 in
964 1412 1188 1496 Marpurgcnsi
1209 1414 1379 1481 Academia
1403 1412 1535 1480 tradidit
1554 1429 1653 1479 venae
1680 1412 1829 1480 lehcitate
1849 1414 1977 1497 Pagauo
1998 1433 2062 1482 nou
2084 1415 2222 1484 inferior.

481 1513 597 1581 Verum
626 1532 695 1581 cum
724 1532 778 1580 eos
803 1512 869 1579 iere
895 1510 1117 1596 prudentiores
1143 1513 1253 1580 haberi
1278 1518 1436 1595 comeret,
1475 1513 1544 1596 qui,
1573 1513 1656 1596 quod
1686 1513 1727 1579 de
1750 1513 1864 1598 Ulysse
1891 1514 2033 1598 prodidit
2054 1515 2089 1581 in
2110 1516 2221 1600 odyss.

480 1615 651 1697 Homerus,
671 1614 841 1680 multorum
861 1613 1080 1695 cognovissent
1099 1612 1193 1680 urbes
1214 1617 1247 1679 et
1267 1630 1387 1697 mores,
1413 1613 1446 1677 in
1467 1610 1593 1678 Itaham
1610 1611 1708 1696 abiit,
1733 1618 1767 1679 et
1786 1632 1883 1696 quum
1904 1615 1978 1681 inde
1998 1620 2223 1700 reverteretur,

479 1713 630 1781 Mundam
650 1714 684 1781 iu
704 1714 791 1781 Erici
811 1712 988 1779 Brunoniae
1009 1712 1106 1780 DucIs
1134 1713 1240 1780 aulam
1266 1714 1354 1781 uenit
1381 1713 1448 1795 eJus
1475 1710 1644 1780 curialibus
1673 1715 1707 1779 et
1733 1712 1889 1780 Palatinis
1919 1713 2098 1797 edJunctns.
2141 1715 2222 1785 Hiuc

480 1812 519 1880 dc
546 1814 599 1880 illo
612 1817 640 1897 ¹)

1158 2092 1321 2159 loannes
1351 2090 1539 2158 Beuterus

1283 2196 1412 2252 Frmcua

575 2342 635 2410 Hic
655 2342 751 2409 etiam
771 2359 834 2407 non
854 2340 1024 2406 admodum
1052 2339 1105 2406 diu
1130 2340 1164 2406 in
1189 2338 1448 2422 Philosophorum
1474 2339 1616 2423 perstitit
1645 2339 1816 2423 subschhs,
1856 2340 2033 2425 Budingam
2063 2340 2107 2407 ad
2136 2342 2222 2409 Isen-

477 2443 623 2526 burgicos
646 2441 780 2509 Comites
802 2445 961 2508 evocatus.
1003 2440 1051 2506 De
1072 2441 1151 2523 eo’)

1127 2714 1293 2789 Adamas
1316 2715 1566 2789 Lonicerus⁸l

577 2873 646 2940 Hac
665 2873 698 2939 in
718 2872 796 2940 urbe
815 2877 911 2939 natus
932 2889 1014 2938 anno
1035 2869 1222 2937 bexnx
1243 2869 1354 2938 Octob.
1377 2870 1430 2938 die
1446 2871 1477 2937 X
1495 2874 1587 2954 patre
1607 2869 1730 2938 Jmnne
1751 2870 1905 2938 honicero
1926 2873 2022 2939 trium
2042 2872 2222 2957 liuguarum

479 2978 513 3040 et
530 2973 671 3056 inprimis
692 2972 831 3039 Graecae
858 2972 983 3049 inter⁴)
1010 2987 1064 3036 eos
1092 2969 1173 3052 lere,
1203 2970 1259 3052 qui
1284 2970 1344 3037 hac
1371 2971 1406 3037 in
1432 2971 1601 3038 Academia
1629 2971 1802 3037 domerunt
1830 2987 1984 3054 unquam,
2022 2975 2223 3057 peritissimo,

479 3072 655 3139 admirabili
675 3072 811 3154 quodam
831 3070 873 3135 ad
893 3069 1121 3152 philosophiam
1141 3070 1249 3135 studio
1271 3071 1447 3136 concitatus
1468 3076 1502 3137 et
1522 3071 1679 3137 attentius
1698 3072 1732 3136 in
1752 3069 1860 3136 eadem
1881 3077 2111 3157 commoratus,
2139 3075 2222 3158 quod

480 3176 585 3238 rerum
608 3172 747 3253 ipsarum
767 3168 952 3251 magnitudo
973 3174 1007 3233 et
1027 3170 1164 3233 varietas
1184 3186 1306 3233 summa
1327 3168 1500 3235 delectione
1521 3170 1654 3236 eundem
1669 3170 1829 3252 retineret,
1852 3171 1947 3237 etiam
1960 3176 2069 3239 aetate
2084 3176 2220 3257 majores

480 3270 514 3336 in
535 3270 647 3336 studim
668 3269 744 3335 lecit
763 3286 967 3350 progressus,
995 3268 1042 3334 ita
1064 3268 1142 3333 XIII
1162 3268 1278 3334 aetatis
1300 3285 1385 3335 anno
1411 3270 1560 3351 primam,
1599 3269 1734 3335 triennio
1755 3288 1828 3336 vero
1849 3276 1938 3353 post,
1972 3291 2056 3340 anno
2079 3273 2224 3343 videlicet

479 3368 647 3451 MDXLV,
671 3368 841 3435 secundam
861 3366 1075 3449 philosophiae
1096 3371 1129 3431 et
1149 3366 1267 3432 artium
1288 3366 1444 3451 lauream,
1476 3366 1712 3450 Philosophicce
1731 3368 1892 3452 facultatis
1912 3372 2091 3439 antistitum
2109 3374 2223 3456 iudicio

479 3469 696 3553 promeruerit.
739 3468 842 3547 Quum
863 3467 972 3548 itaque
992 3466 1133 3548 apprime
1153 3466 1311 3533 videretur
1331 3468 1455 3550 diguus,
1475 3467 1579 3551 quise
1596 3468 1639 3534 ad
1661 3468 1836 3535 docendum
1856 3470 1955 3554 daret,
1976 3475 2222 3555 sequentianno

479 3568 735 3650 hanoofrrrtum,
757 3567 843 3649 quod
863 3566 905 3632 ad
925 3565 1073 3633 Moenum
1094 3570 1161 3646 est,
1180 3572 1312 3649 epatre
1333 3568 1480 3649 mittitur,
1499 3573 1536 3635 ut
1554 3569 1611 3635 sub
1627 3568 1744 3635 Jacobo
1759 3568 1894 3652 Mycillo,
1913 3572 1967 3653 qui
1987 3575 2054 3638 tum
2074 3576 2222 3658 temporis

480 3668 621 3735 Rectoris
642 3667 735 3733 isthic
755 3666 883 3733 subibat
903 3684 1035 3748 munus,
1062 3684 1189 3748 operam
1214 3667 1247 3731 in
1272 3666 1467 3733 instituenda
1491 3668 1658 3750 juventute
1684 3674 1791 3750 ponat.
1843 3670 1886 3734 At
1906 3689 1980 3736 vero
2003 3690 2098 3754 quum
2120 3677 2222 3741 motus

483 3768 583 3835 bellici
607 3768 725 3851 passim
752 3768 1014 3848 increbescerent,
1049 3770 1122 3848 post
1141 3784 1258 3831 annum
1277 3767 1485 3849 ldarpurgum
1511 3782 1657 3840 reversus
1686 3787 1754 3833 cum
1775 3768 1917 3851 casparo
1946 3771 2098 3853 Rodolpbi
2130 3773 2223 3839 Frid·

481 3869 610 3950 bergam
637 3868 888 3933 Wetteravorum
917 3866 958 3932 ad
988 3866 1239 3932 constituendam
1272 3866 1366 3931 isthic
1398 3865 1538 3932 scholam
1575 3868 1737 3933 inritatur.
1785 3868 1868 3934 Hinc
1896 3868 2099 3953 Marpurgum
2125 3874 2223 3939 rediIt

480 3968 582 4034 denuo
601 3966 813 4050 stipendiariis
832 3965 923 4031 istius
944 3964 1005 4032 loci
1025 3982 1109 4030 anno
1130 3962 1221 4030 MDI
1239 3964 1436 4049 praefectus,
1457 3965 1512 4032 sed
1534 3984 1615 4033 anno
1636 3966 1741 4049 elapso
1761 3968 1864 4050 patris
1884 3969 2051 4052 praecipue
2072 3989 2111 4037 ea
2131 3972 2167 4037 in
2186 3991 2223 4039 re

479 4067 672 4149 obsequutus
693 4066 820 4133 consilio
840 4064 1036 4147 Mogrmtiem
1058 4064 1099 4132 ad
1119 4065 1160 4131 D.
1183 4063 1376 4131 Ostcrodum
1397 4067 1564 4147 concessit,
1590 4072 1628 4133 ut
1653 4066 1766 4148 quibus
1793 4066 1968 4135 Medicinae
1991 4072 2169 4154 praeceptis
2189 4076 2222 4139 et

363 4182 365 4185 ⁴
409 4150 411 4156 ’
480 4166 633 4233 institutis
653 4165 851 4247 abundabat,
878 4166 988 4231 eadem
1013 4181 1117 4229 rerum
1144 4182 1239 4247 porro
1268 4182 1327 4232 usu
1347 4170 1380 4231 et
1401 4166 1594 4248 experientia
1613 4165 1706 4250 huJus
1727 4171 1878 4250 tunquam
1898 4169 2041 4235 veterani
2060 4170 2222 4253 quusdam

480 4272 514 4334 et
540 4265 791 4333 exercitatissimi
819 4264 908 4331 ducis
937 4264 1032 4330 ductu
1062 4267 1097 4329 et
1125 4264 1272 4346 auspiciis
1300 4264 1510 4332 confirmaret.
1562 4266 1665 4345 Quum
1692 4266 1800 4348 itaque
1831 4266 1903 4333 huic
1930 4266 2063 4335 Doctori
2092 4270 2222 4354 ejusque

480 4366 603 4433 artibus
618 4366 713 4432 variis
728 4370 823 4447 atque
836 4364 944 4430 multis
958 4363 1119 4430 biennium
1133 4363 1259 4430 deditus
1272 4364 1393 4447 fulsset,
1410 4365 1483 4431 inde
1496 4370 1661 4431 reuocatus
1672 4365 1702 4448 ⁸)
1721 4365 1928 4448 Marpurgum
1941 4367 1974 4432 in
1988 4367 2221 4438 Mathematicis

481 4467 596 4534 studiis
623 4464 746 4549 publire
774 4462 937 4530 tradendis
963 4481 1071 4529 curam
1098 4480 1216 4545 ponere
1247 4464 1394 4547 jubetur,
1432 4482 1528 4547 quam
1557 4463 1752 4546 provinciam
1781 4465 1828 4531 ita
1858 4468 2012 4550 suscepit,
2054 4475 2222 4536 attamen

480 4566 621 4633 Medione
646 4565 725 4630 artis
746 4563 1002 4631 exercitationem
1022 4579 1184 4644 nunquam
1204 4562 1384 4646 deponeret.
1426 4564 1537 4647 Neque
1555 4569 1641 4631 certe
1660 4562 1782 4631 frustra
1799 4583 1869 4633 sese
1888 4568 1988 4634 ends
2008 4568 2043 4634 in
2062 4567 2221 4636 laboribus

481 4666 620 4732 exercuit
638 4664 701 4747 ille,
721 4682 817 4747 quum
836 4662 938 4729 laudis
959 4667 992 4729 et
1014 4662 1133 4744 gloriae
1154 4662 1338 4745 mercedem,
1358 4668 1593 4746 praeterquam
1607 4662 1701 4730 allam
1719 4664 1838 4731 nullam
1853 4666 1955 4733 virtus
1969 4667 2041 4751 ipsa
2059 4666 2221 4751 desiderat,

584 4896 614 4964 1)
630 4893 705 4949 Nihil
724 4894 876 4964 insequitur
891 4899 1002 4963 praeter
1018 4910 1132 4950 vacuum
1149 4894 1274 4963 imaginis
1291 4893 1388 4949 locum
1424 4892 1548 4963 Idpidius
1561 4893 1687 4950 Richium
1698 4896 1832 4952 intereos
1849 4896 1939 4967 habet,
1957 4899 2004 4969 qni
2021 4898 2114 4956 adhuc
2130 4915 2221 4970 arpen

481 4982 558 5037 autes
568 4980 622 5036 ulio
636 4995 666 5035 aa
678 4980 857 5050 contulerunt,
876 4994 992 5049 eumque
1004 4981 1104 5038 abiisse
1116 4981 1145 5037 in
1157 4981 1264 5037 [aliam
1275 4996 1309 5036 sc
1324 4996 1463 5036 reseram
1481 4980 1685 5036 moliendam
1702 4981 1737 5037 ad
1748 4982 1858 5038 ibicum
1875 4982 1973 5040 ducem
1991 4984 2220 5043 Brunsricensem

481 5066 573 5123 tradit.
608 5066 741 5122 PIstorius
758 5068 817 5136 ejus
835 5065 938 5122 aditum
956 5082 1025 5123 anno
1044 5067 1124 5137 rtis,
1150 5068 1252 5123 abitum
1272 5083 1297 5123 a
1317 5070 1384 5123 1546
1406 5067 1514 5132 tribuit3
1539 5068 1617 5123 illum
1638 5084 1736 5123 mnam
1753 5068 1913 5125 confirmant
1937 5070 2035 5127 literae
2053 5070 2169 5129 liutheri
2187 5072 2221 5129 sd

482 5152 639 5222 Philippum
656 5152 806 5222 principem
825 5152 904 5208 datae
921 5150 995 5222 apud
1011 5152 1187 5210 Striederum.

582 5239 612 5308 2)
627 5238 756 5309 Sequitur
773 5239 849 5294 locus
867 5237 998 5309 imaginis.
1033 5239 1116 5308 Apud
1132 5238 1271 5309 quidIum
1285 5237 1383 5293 eodem
1400 5237 1646 5307 quoRichiasloco
1658 5239 1812 5296 interrivos
1826 5247 2057 5299 commemoratur.
2091 5243 2221 5300 Pistoriss

483 5340 544 5381 eum
562 5324 776 5381 carlstadiunum
793 5325 843 5379 Ph
859 5330 887 5380 et
902 5324 962 5381 dur.
980 5325 1014 5380 D.
1032 5326 1146 5382 Poetant
1167 5333 1196 5382 et
1212 5326 1344 5396 Loplcurn
1367 5324 1503 5396 appellat,
1527 5325 1628 5382 adiisse
1651 5326 1688 5381 ad
1707 5326 1874 5383 academiam
1899 5343 1923 5384 a.
1951 5328 2032 5400 1546,
2064 5329 2221 5387 dismissa

482 5410 633 5480 Budingam
651 5427 676 5467 a.
695 5414 762 5466 1550
782 5410 872 5466 tradit
2167 5453 2170 5459 .

582 5498 612 5567 3)
629 5497 683 5551 Dil.
700 5512 766 5553 usus
784 5504 826 5553 est
843 5499 871 5553 iu
888 5498 940 5553 hac
957 5498 1015 5554 rita
1031 5494 1210 5553 describenda
1225 5495 1376 5554 Boiceards'
1392 5496 1466 5552 leon.
1483 5496 1541 5565 111,
1560 5513 1588 5567 p.
1606 5500 1657 5554 306
1675 5514 1735 5569 sqq.

580 5584 611 5653 4)
631 5581 695 5639 cod.
713 5584 752 5637 in.
817 5585 847 5654 b)
867 5584 960 5653 Imago
977 5583 1112 5642 laodiceni.
