5409 7267
2152 990 2220 1060 117

482 1174 694 1255 consequutus
723 1171 765 1238 sit
790 1173 987 1240 uberrimam.
1037 1171 1119 1238 Nam
1147 1174 1335 1257 sesquianno
1355 1171 1483 1239 vixdum
1511 1173 1618 1257 elapso
1645 1171 1740 1242 ducta
1760 1174 1930 1242 Chmstimi
1950 1175 2138 1261 Egenolphi‚
2167 1182 2221 1263 qui

483 1270 725 1355 typographiam
738 1272 975 1338 Francoiurtum
991 1272 1152 1338 invexerat
1172 1274 1300 1356 primus,
1322 1273 1387 1339 tilia
1402 1271 1590 1356 Magdalena
1610 1292 1671 1340 uno
1693 1274 1862 1358 eodemque
1882 1280 2023 1358 tempore
2041 1283 2075 1343 et
2094 1279 2221 1361 nuptias

483 1371 624 1437 celebrat
644 1376 677 1437 et
691 1371 837 1437 Doctoris
851 1372 949 1438 festos
970 1372 1095 1454 peragit
1115 1372 1192 1455 dies,
1211 1372 1383 1457 cujusmodi
1404 1374 1437 1439 in
1454 1373 1587 1455 publicis
1608 1373 1783 1440 istiusmodi
1803 1375 2087 1444 renuntiationibus
2106 1379 2221 1460 agitari

480 1470 521 1537 de
543 1489 631 1537 more
651 1475 885 1538 consueverunt.
927 1471 992 1538 Nec
1010 1472 1110 1538 multo
1130 1476 1204 1555 post
1227 1491 1285 1555 per
1305 1472 1416 1539 literas
1435 1472 1630 1556 Moguntiam
1650 1478 1814 1556 evocatus,
1846 1479 1882 1540 ut
1909 1474 1973 1540 illic
1998 1494 2071 1542 aere
2097 1478 2221 1560 publico

481 1569 611 1635 doceret
638 1575 741 1636 artem
765 1569 936 1652 Medicam,
962 1589 1000 1636 eo
1026 1581 1226 1653 perrectmus
1248 1572 1290 1638 ad
1312 1589 1455 1638 socemm
1478 1572 1609 1638 divertit
1629 1571 1836 1639 Franooiurti.
1880 1573 1942 1641 Sed
1960 1575 2042 1641 enim
2059 1593 2156 1658 quum
2181 1596 2221 1644 ea

479 1669 564 1736 forte
592 1675 684 1736 nocte
718 1670 812 1735 istius
842 1668 903 1735 loci
932 1669 1072 1737 MedIcus
1100 1670 1277 1738 Ludovicus
1303 1671 1460 1754 Graphius
1495 1671 1639 1754 obiisset,
1676 1671 1742 1754 eJus
1769 1690 1897 1755 operam
1927 1672 2061 1740 Senatum
2091 1675 2220 1743 honesto

480 1769 638 1852 stipendio
658 1768 704 1835 IV
718 1768 864 1835 Octobris
885 1787 968 1835 anno
989 1768 1125 1836 MDLIV
1145 1770 1298 1837 conducit.
1341 1771 1379 1836 In
1397 1769 1456 1836 hoc
1470 1770 1567 1851 igitur
1585 1771 1669 1837 vitae
1682 1772 1842 1854 curnculo,
1863 1791 1960 1855 quum
1978 1774 2101 1841 XXXII
2122 1794 2220 1843 annos

480 1868 528 1934 ita
547 1869 719 1951 exegisset,
744 1873 780 1934 ut
806 1870 909 1935 omnia
936 1887 996 1935 aua
1024 1869 1146 1953 studia,
1176 1888 1301 1952 operam
1330 1874 1364 1936 et
1388 1870 1575 1935 industriam
1596 1889 1660 1937 non
1678 1871 1780 1936 solum
1799 1872 1916 1938 civibus
1937 1873 2017 1957 auis,
2049 1874 2221 1943 sedetiam

481 1968 715 2051 quibuscunque
743 1969 859 2034 exteris
888 1961 1010 2035 summa
1037 1970 1223 2036 emetiretur
1251 1969 1312 2035 tide
1348 1974 1382 2034 et
1414 1974 1581 2052 propterea
1612 1971 1644 2036 in
1681 1988 1789 2036 amore
1821 1977 1905 2038 esset
1941 1973 2099 2056 omnibus,
2139 1993 2221 2042 anno

481 2067 708 2134 MDLXXXVI
734 2068 785 2133 die
805 2067 881 2152 Maji
903 2068 979 2134 XIX
992 2070 1019 2151 ¹)
1046 2068 1138 2134 finem
1164 2069 1250 2134 vitae
1276 2072 1372 2150 atque
1399 2065 1516 2133 laboris
1541 2068 1616 2135 fecit
1642 2069 1691 2135 dr
1717 2072 1892 2151 praestanti
1920 2073 2096 2140 eruditione
2123 2080 2222 2157 atque

481 2168 625 2234 doctrina
642 2173 676 2234 et
695 2167 742 2233 rei
762 2168 904 2249 Inprimis
924 2168 1064 2235 Medicas
1083 2169 1302 2251 peritissimus.
1343 2168 1589 2235 Lucubrationes
1617 2169 1749 2236 hominis
1771 2188 1867 2253 opera
1887 2177 1921 2237 et
1940 2172 2099 2241 industria
2118 2175 2221 2242 editae

481 2273 560 2334 sunt
579 2265 745 2349 ejusmodi:
767 2267 968 2335 Irctradactio
981 2269 1206 2337 Arittsmcticcs
1220 2269 1359 2335 Latina:
1379 2268 1569 2351 Aptarisrni
1586 2269 1800 2352 Hippocratis
1818 2293 1840 2337 a
1855 2271 2031 2357 Ponam)
2052 2275 2220 2357 explicati:

481 2366 665 2434 Batanicon
691 2374 723 2435 ct
747 2368 887 2435 intona
907 2368 1116 2451 ploratorum,
1143 2370 1368 2449 astruentium,
1396 2388 1607 2452 peramarum,
1643 2370 1860 2453 metallorum,
1895 2392 2121 2458 annonasque
2149 2395 2220 2442 coa·

481 2473 653 2549 nemnem,
686 2471 721 2533 et
747 2466 931 2534 Hortarius
959 2468 1128 2535 vernacula
1154 2468 1270 2550 ilngua.
1322 2467 1401 2533 Post
1435 2469 1553 2534 obitum
1586 2473 1691 2536 autem
1715 2468 1772 2536 tilii
1800 2488 1897 2553 opera
1922 2468 2084 2539 Teucridis
2111 2474 2221 2541 Annae

480 2566 602 2648 Priv.¹)
622 2566 656 2631 in
676 2566 777 2633 lucem
793 2565 911 2648 prodiit
924 2567 1110 2635 Methodioo
1126 2569 1297 2650 explicatio
1318 2570 1458 2634 omnium
1477 2571 1622 2652 corpote
1642 2569 1776 2638 tomani
1796 2571 1982 2655 affection,
2003 2572 2037 2638 in
2058 2590 2121 2654 qua
2140 2574 2221 2641 mira

480 2667 639 2733 brevitate
663 2665 858 2750 singulorum
877 2666 1059 2734 morborum
1081 2685 1211 2735 caussae
1229 2674 1263 2734 et
1283 2667 1347 2734 alta
1368 2667 1595 2751 traduntur⁴).

994 3040 1219 3126 Henricus⁸j
1248 3039 1476 3126 Theophilus
1500 3041 1706 3109 Lonicerus

580 3197 637 3266 Vir
661 3198 792 3265 minime
812 3198 957 3265 indoctus
983 3198 1166 3281 PhysIcum,
1202 3199 1222 3265 i.
1250 3217 1277 3264 e.
1305 3201 1342 3265 ut
1371 3198 1528 3265 Ciceronis
1557 3203 1631 3265 utar
1657 3195 1762 3265 verbis
1790 3197 1841 3264 lib.
1862 3197 1886 3263 Ι.
1916 3198 1956 3264 de
1981 3202 2048 3265 nat.
2073 3199 2170 3267 Deor.
2181 3200 2221 3284 ⁸),

481 3299 710 3382 speculatorem
746 3302 987 3382 venatoremque
1024 3304 1156 3365 naturae
1195 3316 1293 3381 agere
1332 3298 1435 3380 coepit
1470 3316 1579 3365 mense
1607 3297 1783 3380 Septembri
1818 3315 1900 3364 anno
1929 3297 2080 3382 MDLIV,
2127 3317 2222 3383 quum

480 3398 741 3465 Bartholomaeus
761 3397 896 3481 Mejerus
918 3398 959 3464 ad
980 3398 1210 3479 Theologornm
1235 3398 1402 3463 traductus
1432 3398 1582 3465 subsellia
1603 3396 1704 3463 iethoc
1724 3414 1852 3463 munere
1873 3396 2012 3464 abiisset.
2054 3397 2117 3464 Sed
2138 3416 2221 3466 anno

481 3498 678 3581 postmodum
698 3496 864 3564 MDLXIV
885 3497 918 3562 iu
940 3497 1113 3563 disserendi
1140 3496 1315 3579 praeceptis
1344 3496 1534 3579 explicandis
1561 3496 1682 3562 uersari
1709 3500 1743 3561 et
1762 3496 1977 3563 Bibliothecae
1996 3497 2089 3563 simul
2113 3515 2221 3564 curam

481 3597 598 3664 habere
624 3598 731 3679 iussus
758 3602 807 3663 est
834 3596 961 3662 Victore
985 3597 1025 3661 ad
1051 3596 1275 3678 Theologicum
1310 3595 1439 3662 docendi
1473 3613 1584 3661 munus
1620 3600 1813 3661 transeunte.
1864 3596 1967 3677 Atque
1995 3594 2067 3662 huic
2094 3597 2221 3679 quidem

483 3697 604 3765 muneri
624 3696 700 3762 dum
720 3714 774 3779 ea,
796 3715 860 3779 qua
878 3714 937 3779 par
959 3702 1009 3763 est
1028 3697 1091 3762 tide
1111 3702 1146 3763 et
1168 3696 1356 3762 dextantate
1377 3701 1480 3777 vacat,
1502 3694 1621 3761 Deoani
1641 3711 1766 3777 quoque
1780 3695 1890 3777 sexies,
1909 3694 2089 3761 Brabeutae
2107 3700 2222 3779 autern,

484 3798 538 3881 qui
552 3797 689 3864 lauream
701 3814 880 3879 supremam
893 3795 1113 3879 Philosophiae
1134 3795 1282 3862 studiosis
1300 3794 1450 3877 decernit
1469 3794 1586 3877 septies
1598 3794 1751 3860 sustinuit
1762 3794 1854 3870 dces,
1875 3794 2005 3879 Reipub.
2018 3795 2222 3864 Academicae
2241 3850 2244 3857 .

483 3897 606 3964 clavum
626 3914 710 3962 anno
731 3895 931 3977 MDXXOII,
958 3899 1072 3961 aetatis
1093 3896 1237 3976 XLVI')
1259 3895 1370 3961 tenuit
1421 3893 1562 3959 Tandem
1581 3894 1676 3960 etiam
1696 3911 1717 3959 a
1737 3894 1899 3961 Ludovico
1920 3894 2118 3979 Landgravio
2138 3897 2222 3964 iuter

484 3996 677 4065 consiliarios
697 3995 813 4061 ascitus
833 3996 866 4061 in
884 3996 976 4062 rebus
997 3995 1172 4062 forensibus
1187 3993 1418 4077 cognoscendis
1437 3999 1470 4060 et
1484 3993 1612 4077 judiciis
1633 3992 1858 4066 constituendis
1877 3997 2023 4061 versatus
2042 4000 2100 4061 est
2131 3995 2221 4076 Quod

483 4097 626 4181 equidem
651 4114 766 4162 munus
794 4114 865 4162 oum
884 4096 979 4178 XIII,
1014 4096 1117 4179 operIs
1143 4099 1250 4161 autem
1270 4092 1449 4161 Academici
1473 4094 1507 4159 in
1533 4092 1672 4158 docenda
1689 4092 1806 4175 Logica
1826 4098 1860 4159 et
1878 4092 2012 4177 Physica
2034 4092 2222 4162 amotionem

483 4198 568 4263 ultra
581 4195 637 4264 XL
651 4213 751 4262 annos
766 4200 946 4276 tractasset
965 4201 1155 4279 postremum
1168 4194 1245 4262 rode
1259 4193 1396 4259 donatus
1406 4197 1435 4277 ⁸)
1455 4192 1489 4258 in
1501 4191 1581 4257 vivis
1595 4208 1664 4258 esse
1679 4191 1773 4258 desiit
1792 4192 1855 4258 IIX
1869 4192 1979 4259 Martii
1994 4210 2077 4260 anno
2091 4192 2220 4261 MDOV.

483 4296 548 4363 Sub
572 4296 639 4379 ejus
656 4294 759 4379 effigie
780 4296 813 4361 hi
833 4296 867 4361 P.
890 4296 1010 4379 Pagani
1031 4313 1141 4362 versus
1161 4294 1324 4377 leguntur:

581 4545 610 4614 1)
627 4542 752 4599 Eundem
774 4542 864 4598 obitus
888 4541 960 4597 diem
982 4541 1116 4597 Pistoriae
1139 4540 1263 4606 exhibet3
1292 4540 1322 4595 in
1349 4537 1518 4609 praefatione
1546 4536 1610 4593 libri
1639 4536 1674 4593 de
1700 4537 1904 4607 purgationibus
1934 4554 1953 4593 a
1975 4538 2035 4595 illio
2057 4538 2126 4595 editi
2149 4540 2219 4597 haec

482 4633 620 4701 romnus:
647 4615 715 4685 Dae
737 4628 802 4698 Μ
824 4630 906 4683 nmo
930 4632 1005 4684 roso
1026 4627 1052 4681 a.
1077 4632 1115 4683 29
1135 4628 1235 4682 manu
1254 4626 1342 4695 man,
1368 4626 1441 4696 atyn
1466 4625 1579 4695 erqo.
1603 4640 1657 4693 qao
1684 4623 1729 4679 aa
1752 4626 1834 4681 osse
1851 4623 1941 4679 me»
1964 4632 2030 4681 ona
2046 4625 2154 4682 Aeone
2175 4627 2220 4683 te

483 4716 653 4773 Mcdscoa—
664 4717 736 4771 inter
753 4721 880 4785 acprotos
897 4730 954 4769 csse
974 4714 1067 4781 desit,
1084 4729 1157 4768 anno
1175 4713 1276 4767 aetate
1291 4728 1360 4767 snae
1375 4710 1599 4781 qainqnaqcsirao
1611 4710 1701 4779 serrae
1718 4716 1823 4765 ocwao.
1859 4707 1936 4777 Quae
1950 4711 2035 4767 amba
2051 4710 2220 4768 Striederuru

481 4819 537 4859 non
560 4801 695 4859 debebant
716 4800 752 4856 ad
775 4800 930 4856 mutandum
955 4799 1027 4855 diem
1048 4798 1198 4870 adducere,
1223 4804 1305 4869 quum
1329 4813 1414 4855 causa
1436 4796 1634 4866 discrepantiae
1660 4812 1676 4852 e
1699 4795 1806 4852 disemo
1833 4795 1904 4866 stylo
1928 4796 2009 4852 tacite
2033 4804 2219 4867 cognmcatur.

482 4889 608 4960 NiqidIus
624 4887 788 4944 Lonicerum
804 4887 876 4943 iuter
893 4887 1053 4956 superstites
1069 4887 1161 4942 reiert

581 4976 612 5047 2)
629 4975 675 5030 Sic
694 4974 804 5044 scripsit
822 4973 878 5028 Dil.
895 4987 945 5041 pro
963 4973 1065 5028 Faenio
1088 4970 1264 5028 Boissardum
1284 4974 1402 5026 secutus.

582 5065 612 5132 3)
633 5061 730 5117 Taceri
741 5060 849 5115 Annaei
861 5060 973 5114 Privati
981 5058 1134 5113 nominibus
1146 5057 1220 5113 lilius
1231 5057 1272 5112 uti
1286 5057 1359 5112 solet
1377 5055 1447 5125 ipse,
1464 5055 1542 5125 cuius
1552 5055 1665 5125 propria
1674 5054 1851 5125 praenomina
1862 5060 1941 5111 erant
1953 5056 2077 5112 Joasm
2084 5054 2218 5113 mass.

581 5148 611 5217 4)
628 5147 746 5202 Parrum
766 5146 883 5215 spatium
900 5146 970 5200 inter
988 5146 1056 5199 hanc
1075 5149 1103 5199 et
1120 5146 1306 5215 insequentem
1324 5141 1408 5197 ritum
1425 5157 1541 5197 vacuum
1558 5146 1654 5197 exstat

581 5234 611 5302 b)
628 5232 674 5287 Sic
690 5232 761 5300 Dil.;
779 5231 949 5287 scribendum
961 5237 1020 5286 erat
1034 5230 1212 5301 Hateriano,
1230 5245 1285 5298 qua
1296 5226 1510 5284 numiuisl'orma
1526 5227 1582 5283 DiI
1598 5228 1628 5283 in
1645 5227 1790 5284 Rectmum
1807 5226 1932 5295 atalogo
1944 5232 1972 5281 et
1990 5224 2141 5283 Lonicerus
2157 5225 2218 5296 ipse

482 5322 511 5376 in
530 5319 601 5375 Albo
619 5317 696 5375 acad.
715 5320 813 5389 utitur,
831 5334 853 5374 s.
872 5317 1032 5374 Hedonen.

582 5408 612 5472 6)
632 5404 887 5475 clamitare.

581 5492 610 5561 7)
633 5490 700 5547 Gom
711 5491 773 5559 jam
790 5492 890 5546 comto
907 5504 974 5545 snae
992 5493 1084 5559 mero
1100 5503 1202 5542 annam
1219 5485 1458 5558 qnadrapcss'srasa
1475 5488 1631 5559 sparreus,
1648 5486 1680 5543 L.
1697 5485 1758 5555 ipse
1777 5485 1886 5554 scripsit
1905 5483 1933 5539 in
1950 5482 2023 5538 Albo
2041 5480 2118 5538 acad.

581 5579 611 5646 8)
630 5575 755 5647 Nigidius
773 5592 834 5631 eum
851 5592 939 5646 nuper
957 5574 1025 5630 rade
1041 5574 1173 5629 donatam
1191 5588 1253 5630 esse
1272 5573 1348 5639 dicit,
1367 5574 1440 5630 unde
1456 5574 1589 5629 Pistorius
1609 5590 1634 5629 a
1653 5575 1718 5628 1591
1739 5572 1868 5627 sumsisse
1885 5570 2001 5625 videaur.
