5409 7267
971 1193 1180 1263 Ellcnherperas
1198 1191 1362 1247 medicorum
1378 1191 1471 1261 glorio
1484 1193 1623 1263 princepe,

1005 1280 1150 1334 Promisso
1166 1279 1251 1334 barbo
1265 1284 1348 1333 actae
1365 1283 1392 1333 ct
1408 1277 1506 1349 effigit,

946 1388 953 1400 ·
972 1364 1138 1420 Hermaeum
1155 1364 1250 1420 docuit
1268 1380 1368 1434 magno
1387 1379 1446 1419 eam
1464 1364 1545 1419 laude
1564 1363 1683 1428 Liceura,

1006 1450 1133 1505 Mancia
1153 1452 1298 1506 Sescenius
1316 1452 1413 1504 eminet
1429 1450 1476 1503 ille
1497 1449 1570 1504 locta.

1149 1683 1310 1750 loannes
1335 1683 1557 1749 Hartmanni

586 1834 687 1914 Quum
716 1832 823 1898 literas
851 1833 982 1915 primum
1007 1831 1181 1914 Ambergae
1214 1834 1246 1898 in
1279 1836 1384 1916 patria
1412 1833 1575 1900 Michadhs
1606 1832 1806 1900 Scnleutneri
1839 1832 1980 1913 inprimis
2008 1832 2217 1900 instituendae

484 1933 659 2015 juventutis
687 1933 827 2015 apprime
852 1932 959 2013 gnari,
991 1950 1091 2014 eaque
1117 1934 1285 2015 praecipue
1312 1952 1409 2015 opera
1435 1953 1498 2001 non
1531 1949 1755 2016 usquequaque
1781 1932 1904 2014 inglorii
1932 1938 1966 1997 et
1987 1932 2133 2014 ignobilis
2158 1933 2218 1999 viri

488 2030 583 2096 ductu
605 2033 779 2116 attigisset,
806 2049 943 2114 eaquae
971 2032 1003 2097 in
1029 2033 1132 2098 media
1156 2032 1351 2115 philosophia
1371 2041 1496 2100 retrusa
1516 2039 1550 2098 et
1571 2032 1682 2098 abdita
1700 2031 1799 2113 magis
1820 2038 1894 2097 sunt
1913 2032 2011 2097 lenae
2030 2032 2164 2114 primum
2185 2037 2219 2099 et

486 2131 626 2213 Lipsiae,
655 2136 728 2214 post
753 2132 967 2213 Wittebergae
996 2143 1030 2197 et
1058 2132 1237 2213 Marpnrgi,
1273 2149 1336 2214 quo
1365 2134 1467 2214 ipsum
1490 2133 1687 2214 Witteberga
1718 2132 1898 2198 wilhelmus
1924 2131 2092 2214 Dilichius,
2124 2149 2217 2213 quem

486 2228 720 2297 humanioribus
744 2231 901 2297 biennium
928 2231 1084 2298 imbuerat
1110 2232 1296 2313 disciplinis,
1332 2232 1577 2315 perduxerat1),
1618 2230 1772 2298 indefesso
1799 2231 1892 2314 plane
1920 2231 2026 2297 studio
2053 2237 2087 2297 et
2112 2229 2218 2297 labore

486 2334 697 2410 prosequutus
717 2336 768 2398 est
788 2338 822 2397 et
842 2331 958 2396 didicit.
1000 2330 1137 2413 Ideoque
1158 2349 1228 2396 cnm
1244 2349 1323 2413 earn,
1346 2349 1440 2413 quam
1453 2331 1606 2397 excitarat
1619 2330 1700 2413 apud
1720 2348 1826 2396 omnes
1840 2330 1956 2412 ingenii
1972 2331 2217 2412 expectationem

486 2430 687 2496 sustinuisset
706 2431 839 2513 egregie,
862 2430 1010 2511 lauream,
1033 2450 1095 2513 qua
1110 2431 1325 2513 Philosophica
1341 2430 1419 2497 haec
1440 2429 1544 2497 studia
1565 2430 1705 2497 decorari
1726 2436 1967 2513 consueverunt,
1987 2449 2070 2496 anno
2083 2429 2217 2497 MDXCI

486 2534 694 2610 consequutus
721 2548 784 2596 non
816 2535 940 2595 tantum
968 2532 1081 2597 menrit
1109 2531 1261 2613 Principis
1288 2530 1430 2597 Mauritii
1459 2530 1571 2597 studiis
1597 2530 1802 2612 Astrologiois
1830 2529 1972 2625 praefici,
2003 2531 2058 2598 sed
2088 2531 2216 2613 insuper

485 2628 636 2693 acerrimo
665 2629 887 2710 sapientissimi
916 2630 1068 2712 Principis
1094 2631 1249 2695 Wilhelmi
1275 2630 1394 2712 judicio
1430 2630 1542 2712 dignus
1575 2631 1700 2696 habitus
1729 2629 1789 2696 tuit
1819 2648 1898 2711 prae
1932 2630 2060 2713 cetera,
2100 2632 2216 2713 quiin

484 2727 635 2792 Victorini
656 2726 845 2795 Schonfeldii
864 2730 965 2794 locum
988 2730 1136 2796 suffectus
1159 2730 1335 2797 reconditas
1356 2738 1486 2795 sancet
1513 2730 1553 2794 ab
1581 2730 1797 2811 imperitorum
1824 2729 2031 2811 intelligentia
2058 2747 2214 2811 sensuque

484 2826 665 2908 longissime
688 2827 876 2911 disjunctas,
898 2827 1137 2894 Mathematicus
1157 2829 1333 2912 disciplinas
1354 2829 1494 2895 traderet
1514 2830 1650 2912 publice,
1673 2829 1705 2894 id
1726 2828 1919 2911 quodetiam
1941 2828 2043 2894 studio
2063 2830 2213 2895 acerrimo

485 2931 518 2992 et
549 2926 658 2993 labore
684 2932 779 3009 atque
806 2927 961 2994 industria
989 2946 1110 2993 summa
1139 2929 1297 3012 praestitit
1316 2927 1544 3008 fidelissime2).
1594 2928 1676 2993 Nam
1704 2934 1738 2993 et
1765 2927 1926 3010 Marpurgi
1954 2935 1986 2993 et
2008 2927 2155 2995 cassellis
2182 2930 2213 2995 in

484 3025 673 3091 Mauritiano
702 3026 841 3110 quilegie,
876 3026 979 3094 isthuc
1004 3026 1185 3110 aliquandiu
1212 3046 1232 3094 a
1259 3028 1398 3111 principe
1429 3029 1510 3093 circa
1538 3045 1653 3092 annum
1674 3025 1855 3093 MDllOlIll
1875 3031 2020 3095 evocatus
2040 3027 2214 3095 istiusmodi

485 3131 571 3191 artes
592 3143 655 3191 non
675 3126 847 3194 coamtavit
868 3125 959 3193 modo
981 3132 1014 3195 et
1034 3127 1159 3193 refersit
1178 3128 1372 3210 praeceptis,
1392 3128 1475 3210 quud
1491 3146 1561 3193 enm
1575 3125 1678 3193 facere
1689 3144 1816 3193 necesse
1830 3131 1896 3209 est,
1918 3126 1971 3209 qni
1985 3128 2216 3211 περισσολογία

484 3227 604 3292 evitata
622 3226 708 3293 omni
735 3227 885 3311 quusque
911 3225 1091 3311 disciplinae
1115 3233 1223 3310 partes
1250 3229 1296 3294 ita
1325 3227 1491 3310 disponere
1519 3225 1624 3310 cupiat
1651 3232 1684 3292 et
1712 3232 1947 3309 coagmentare,
1976 3230 2012 3293 nt
2038 3229 2155 3310 optima
2180 3233 2214 3294 et

483 3325 630 3392 fadilima
650 3328 775 3393 ratione
796 3327 1015 3411 comprehendi
1036 3329 1173 3410 possint,
1204 3327 1262 3393 sed
1282 3327 1377 3393 etiam
1405 3327 1451 3391 ita
1479 3326 1623 3392 dilatarit
1653 3330 1686 3391 et
1707 3324 1872 3408 explicavit
1895 3323 2020 3392 easdem
2038 3343 2149 3409 porro,
2177 3333 2214 3394 nt

485 3426 706 3493 obscuritatem
728 3427 908 3508 detergeret
937 3444 1072 3506 omnem,
1100 3426 1252 3507 simulque
1283 3431 1316 3490 et
1338 3425 1493 3490 brevitate
1519 3430 1552 3490 et
1580 3425 1802 3507 perspicuitate
1830 3424 2013 3491 discentium
2039 3424 2214 3492 consuleret

484 3526 606 3593 studiis.
650 3525 857 3606 caeteroquin
877 3542 972 3606 quum
990 3524 1128 3589 utilitate
1155 3524 1281 3605 publica
1308 3525 1474 3590 metiretur
1500 3525 1618 3607 omnia,
1654 3524 1695 3590 ad
1724 3523 1910 3590 Medicinam
1937 3540 2063 3607 qnoque
2092 3525 2213 3608 appulit

483 3627 636 3704 animum,
667 3627 700 3690 et
721 3622 880 3705 Ohymiam
900 3626 1040 3705 mature,
1067 3628 1162 3688 uteo
1184 3623 1336 3688 inservire
1357 3628 1467 3704 posset
1490 3623 1649 3706 pluribus,
1679 3623 1926 3706 curriculumque
1953 3622 2013 3691 hoo
2037 3623 2212 3691 istiusmodi

482 3724 700 3799 transmisit³l
720 3740 831 3804 cursu,
854 3728 892 3788 ut
909 3723 1065 3805 superatis
1085 3720 1245 3788 laboribus
1260 3722 1405 3788 omnibus
1419 3728 1453 3789 et
1465 3721 1698 3792 difficultatibus
1718 3723 1831 3791 uberes
1852 3740 1974 3806 qnoque
1994 3728 2028 3789 et
2048 3721 2212 3791 diuturnos

482 3824 657 3907 vigiliarum
675 3822 795 3891 fructus
814 3822 985 3889 demeteret
1002 3821 1139 3888 mudum.
1181 3821 1262 3888 Nam
1282 3840 1365 3888 anno
1385 3821 1519 3889 MDCVI
1539 3823 1737 3907 amplissimis
1753 3812 1896 3889 nocuus
1910 3821 2024 3889 Medici
2042 3822 2211 3890 hunombns

483 3924 647 3991 decoratus
676 3928 710 3989 et
736 3922 832 3989 tertio
859 3928 933 4004 post
960 3939 1043 3987 anno
1071 3921 1104 3986 in
1129 3920 1319 3988 Medicorum
1350 3922 1492 3989 ordinem
1525 3924 1734 4007 transumptus
1761 3921 1973 4009 Ohymlatrian
2004 3923 2055 3989 rix
2085 3923 2210 3991 nomine

483 4032 572 4090 tenus
594 4027 669 4088 ante
688 4022 747 4088 hac
765 4026 872 4087 nomm
891 4020 984 4087 isthic
1005 4020 1143 4089 locorum
1163 4039 1276 4103 magno
1297 4041 1335 4088 ex
1362 4022 1502 4090 omnibus
1525 4023 1703 4089 nationibus
1723 4022 1807 4089 tacto
1834 4022 2045 4089 studiosorum
2070 4040 2211 4106 amumu,

483 4142 562 4190 noro
582 4121 722 4205 exemplo
742 4120 853 4188 docere
874 4121 974 4203 coepit
994 4120 1130 4204 primus,
1150 4125 1186 4187 ut
1209 4125 1299 4187 tanto
1320 4123 1422 4206 major
1442 4122 1537 4187 etiam
1559 4122 1644 4206 apud
1664 4127 1810 4206 posteros
1828 4122 1887 4188 viri
1908 4120 2018 4189 lutura
2038 4123 2081 4189 sit
2100 4120 2209 4205 gloria,

482 4227 597 4307 quanto
617 4220 804 4289 oeconomia
824 4218 949 4286 Medica
969 4218 1123 4287 festiviori
1144 4226 1178 4287 et
1198 4221 1382 4305 elegantiori
1400 4220 1694 4289 medicamentorum
1719 4219 1806 4288 cultu
1833 4220 1873 4286 ab
1894 4221 1964 4303 lpso
1989 4225 2022 4287 et
2050 4219 2208 4305 discipulis

483 4324 549 4408 ejm
570 4322 724 4389 bsurde
742 4325 806 4403 est,
828 4324 989 4403 apparata
1000 4324 1032 4385 et
1050 4319 1242 4403 locupletata
1258 4320 1368 4402 magis.
1410 4319 1575 4388 Cadmum
1590 4339 1684 4405 quum
1697 4338 1759 4387 non
1774 4320 1877 4386 minus
1895 4326 2024 4403 propter
2042 4322 2207 4405 egregiam,

482 4441 544 4508 qua
563 4439 627 4488 non
648 4421 748 4489 solum
768 4420 802 4485 in
822 4419 1020 4503 gravioribus
1038 4418 1100 4485 illis
1126 4417 1295 4502 disciplinis
1324 4418 1562 4504 Mathematica,
1590 4420 1711 4487 Medica
1735 4424 1768 4486 et
1790 4418 1952 4503 (lhynrica,
1984 4420 2039 4486 sed
2060 4421 2156 4487 etiam
2176 4420 2209 4487 in

481 4519 716 4589 humanioribus
736 4520 854 4601 literis,
872 4519 1014 4603 inprimis
1029 4536 1104 4585 vero
1122 4521 1265 4587 oratione
1283 4521 1388 4586 soluta
1409 4526 1442 4586 et
1462 4521 1560 4603 ligata
1581 4519 1725 4589 excelluit
1744 4522 1888 4603 maxime,
1909 4519 2091 4603 doctrinam,
2114 4534 2217 4603 quam=

481 4621 654 4693 commodos
683 4637 785 4686 mores
820 4624 853 4685 et
888 4618 1073 4684 facilitatem
1099 4625 1195 4701 atque
1223 4622 1416 4702 comitatem,
1453 4627 1521 4689 tum
1544 4621 1633 4688 bonis
1659 4621 1817 4702 omnibus,
1847 4625 1916 4687 tum
1941 4635 2015 4685 vero
2040 4620 2208 4704 praecipue

480 4722 616 4806 Principi
641 4720 702 4805 ipsi
730 4723 815 4786 esset
842 4716 1177 4802 commendatissimas,
1210 4719 1250 4786 ab
1282 4722 1393 4787 eudem
1423 4719 1462 4788 in'
1482 4720 1653 4789 Hermanni
1680 4717 1797 4785 Wolttii
1827 4736 1891 4785 non
1920 4719 1967 4784 ita
1994 4717 2113 4800 pn'dem
2140 4720 2216 4787 uu·

481 4822 616 4890 defuncti
637 4822 738 4887 locum
755 4819 874 4885 ascitus
894 4822 928 4883 et
948 4815 1097 4884 archiatri
1117 4818 1151 4884 in
1173 4819 1246 4887 aula
1269 4818 1453 4887 cassellena
1477 4824 1585 4904 partes
1605 4820 1763 4904 suscipere
1790 4825 1823 4886 et
1845 4818 2000 4886 sustinere
2018 4818 2126 4901 jussus
2148 4824 2206 4887 est.

480 4927 517 4991 In
539 4922 706 4989 Academia
726 4937 801 4984 vero
823 4917 943 5001 publice
963 4922 997 4983 et
1015 4919 1164 5000 privatim
1184 4917 1305 4987 XXIIX
1327 4937 1427 4987 annos
1457 4921 1564 4987 docuit
1591 4921 1720 4988 tertium
1740 4922 1882 4987 Rectorh
1909 4918 2012 4985 officio
2031 4916 2205 4985 defunctus.
2289 5001 2295 5013 ι

480 5026 611 5091 Praeter
630 5019 856 5101 Philosophum
883 5035 941 5083 seu
968 5025 1105 5085 naturae
1134 5021 1310 5089 omualtcm
1335 5022 1512 5103 Medicam,
1546 5020 1723 5105 inaugurali
1752 5022 1892 5086 cremone
1921 5019 2008 5084 initio
2034 5036 2109 5085 suae
2135 5036 2207 5100 pro·

480 5121 620 5189 fessionis
649 5116 876 5202 Chymiatricac
903 5116 1026 5200 pubhce
1050 5118 1261 5202 propositum,
1291 5124 1324 5185 et
1344 5119 1591 5203 Disputationes
1612 5120 1900 5203 Medicochpmicos
1927 5115 2048 5201 publice
2074 5117 2207 5199 habitas,

579 5365 607 5426 1)
625 5358 718 5413 Verba
736 5333 795 5428 qao
806 5358 898 5426 ipsam
915 5385 949 5395 -
964 5355 1136 5425 perdrteemt
1153 5358 1181 5411 in
1198 5358 1318 5427 marglne
1335 5354 1429 5411 addita
1446 5366 1516 5413 sunt

579 5450 607 5511 2)
626 5444 794 5501 Ptotcrsoria
809 5442 962 5499 matheseos
980 5458 1076 5498 munus
1092 5441 1158 5497 adiit
1176 5441 1200 5498 d.
1219 5442 1255 5496 lll
1276 5442 1363 5512 April.
1382 5458 1405 5497 a.
1425 5446 1498 5498 1⁶92.

579 5537 607 5599 3)
625 5535 717 5601 lmago
735 5529 900 5585 Hartmanni.
