5409 7267
1115 1162 1429 1230 Bartholomaeus
1457 1164 1590 1247 Meyer.

604 1353 755 1419 Alleldiue
770 1353 796 1434 ¹)
816 1351 988 1417 Hesserum
1002 1354 1096 1415 natus
1108 1351 1216 1432 primis
1231 1351 1394 1416 literarum
1414 1352 1446 1416 iu
1468 1352 1573 1432 patria
1583 1352 1613 1433 ²)
1634 1351 1818 1417 rudimentis
1840 1349 1959 1432 positis,
1981 1348 2083 1429 primo
2106 1348 2222 1412 aetatis

480 1471 557 1522 suae
577 1458 716 1534 tempore
737 1451 770 1515 in
791 1449 901 1515 studiis
929 1450 1093 1516 literarum
1114 1448 1281 1532 Marpurgi
1299 1456 1497 1532 consumpto,
1519 1468 1587 1515 cum
1609 1455 1694 1516 esset
1715 1448 1882 1516 felicissimi
1905 1447 2039 1528 ingenii,
2062 1464 2169 1511 omnes
2192 1445 2225 1510 iu

480 1554 595 1622 studiis
616 1551 690 1617 iecit
709 1567 909 1633 progressus,
941 1554 979 1614 ut
998 1549 1075 1615 XXI
1095 1548 1211 1615 aetatis
1233 1567 1317 1615 anuo
1338 1549 1453 1615 ibidem
1475 1550 1609 1615 honores
1638 1550 1773 1631 adeptus
1794 1546 1996 1614 scholasticos
2018 1545 2139 1628 publice
2160 1544 2227 1627 pri-

480 1653 640 1733 vatimque
661 1667 731 1715 cum
750 1647 843 1713 laude
864 1647 976 1715 docere
991 1648 1138 1730 coeperit.
1180 1648 1296 1714 Litoris
1309 1654 1415 1714 autem
1431 1649 1543 1715 diuinis
1558 1650 1696 1729 impense
1711 1648 1836 1714 deditus
1850 1645 1982 1729 quidem,
2004 1644 2225 1726 grammatices

482 1757 587 1817 tamen
624 1754 691 1814 tam
720 1748 859 1814 Graecae
888 1764 984 1829 quam
1011 1747 1145 1814 Latinae
1172 1752 1270 1828 atque
1303 1748 1556 1814 rudimentorum
1583 1747 1879 1813 Mathematieorum
1912 1744 1978 1827 egit
2004 1742 2225 1826 professorem

481 1850 648 1932 Physieam
677 1847 750 1913 dein
777 1846 959 1930 aliquandiu
986 1846 1148 1928 professus
1174 1864 1246 1913 eum
1273 1853 1374 1927 esset,
1400 1850 1571 1931 injunctum
1599 1846 1726 1913 tandem
1752 1845 1798 1911 illi
1822 1847 1888 1930 jam
1915 1848 1981 1909 tum
2003 1844 2119 1909 aetatis
2138 1859 2226 1907 anuo

481 1949 582 2017 XXVI
618 1946 843 2013 concionatoris
880 1946 1044 2011 Teutonici
1076 1946 1204 2012 Ordinis
1241 1946 1326 2011 riees
1360 1949 1544 2029 sustinenti,
1578 1951 1617 2013 ut
1653 1964 1716 2011 uua
1744 1962 1813 2012 cum
1840 1944 1994 2010 Lonicere
2024 1940 2227 2023 Theologiam

482 2048 625 2129 deinceps
649 2046 776 2111 doceret
795 2050 829 2111 et
849 2043 992 2111 Psalmos
1014 2043 1121 2110 Tbeol.
1143 2044 1299 2111 Studiosis
1329 2046 1598 2130 interpretaretur.
1640 2045 1815 2126 Interrupit
1836 2050 1941 2109 tamen
1962 2059 2039 2124 opus
2061 2039 2226 2122 Pbdippus

482 2148 656 2213 Hessorum
677 2145 844 2228 Princeps,
873 2150 906 2211 et
925 2145 1144 2224 Recteratum,
1175 2145 1228 2226 qui
1256 2162 1360 2226 nuper
1382 2146 1447 2212 Cal.
1469 2146 1540 2212 Jan.
1564 2146 1591 2211 ei
1612 2145 1794 2211 commissus
1815 2141 1933 2224 iuerat,
1960 2159 1998 2207 ee
2018 2140 2100 2223 quod
2124 2140 2227 2206 rimrn

483 2246 657 2328 Marpurgo
679 2243 836 2311 Oassellas
855 2244 886 2309 X
906 2242 983 2327 Maji
1005 2243 1157 2323 avocavit,
1180 2249 1218 2308 ut
1240 2246 1492 2311 concionatorem
1513 2245 1647 2327 primum
1669 2244 1811 2323 aulicum,
1832 2259 1869 2307 ae
1890 2240 2000 2306 deiude
2020 2239 2228 2322 Superatten·

484 2345 610 2411 dentem
623 2344 653 2426 ³)
672 2342 787 2409 ibidem
806 2347 924 2426 ageret,
946 2344 1029 2409 vices
1050 2342 1118 2424 eius
1137 2342 1303 2425 Marpurgi
1324 2345 1475 2411 subeunte
1497 2343 1651 2427 Wigando
1672 2341 1835 2423 Happelio.
1878 2340 1966 2407 Obiit
1987 2338 2101 2406 ibidem
2123 2339 2226 2404 tribus

484 2444 575 2509 anuis
596 2442 838 2525 septuagenario
859 2442 959 2524 majm
979 2433 1012 2507 in
1035 2440 1160 2508 Christe
1182 2442 1314 2509 feliciter
1333 2443 1460 2527 placida
1487 2450 1587 2510 morte
1608 2462 1691 2509 anno
1712 2441 1803 2510 MDO
1823 2439 1954 2508 Octobri
1973 2439 2058 2506 Xl'l.
2100 2436 2228 2504 Mortuo

484 2542 543 2608 hoc
562 2541 764 2625 Epitaphium
784 2541 817 2607 in
839 2559 959 2608 summo
981 2541 1098 2623 temple
1120 2543 1257 2626 positum
1277 2543 1388 2626 inspici
1409 2543 1565 2626 potest⁴).

1086 2893 1251 2960 loannes
1277 2892 1622 2959 Winckelmannus

609 3103 940 3184 Outtehombergensis
965 3105 1020 3171 SS.
1049 3104 1235 3185 Theologiae
1261 3105 1380 3169 Doctor
1411 3109 1444 3169 et
1471 3102 1606 3168 Profess.
1645 3102 1731 3168 urbis
1759 3101 1996 3183 blarpurgensis
2020 3101 2229 3167 Ecclesiastes

489 3220 572 3267 anne
592 3202 740 3268 MDXXO
753 3206 782 3284 ³)
803 3202 960 3267 Wilhelmi
981 3202 1172 3283 Landgravii
1193 3204 1394 3268 concionator
1415 3201 1542 3282 aulicus,
1563 3201 1645 3266 banc
1664 3201 1796 3267 accessit
1816 3201 2026 3282 Academiam,
2048 3202 2096 3265 rir
2116 3201 2229 3267 doctus

488 3303 669 3384 pariterue
690 3301 831 3382 diligens,
852 3302 982 3383 ejusque
1002 3302 1118 3367 Rector
1138 3308 1265 3367 creatus
1286 3306 1335 3366 est
1361 3319 1444 3368 anno
1465 3301 1629 3381 MDXOV,
1657 3320 1718 3382 quo
1739 3305 1877 3382 tempore
1900 3301 2081 3382 dysenteria
2101 3300 2229 3383 quidun

489 3402 628 3482 grassari
648 3400 750 3482 coepit
770 3400 922 3481 graviter:
943 3402 1000 3466 sed
1014 3401 1184 3466 Academia
1204 3400 1362 3465 translata
1379 3418 1441 3465 non
1462 3400 1533 3483 luit,
1555 3420 1650 3483 quum
1665 3401 1826 3465 Autumno
1844 3401 2023 3466 remitteret
2036 3400 2228 3481 contagium.

489 3500 706 3581 Quinquennio
736 3504 810 3580 post
837 3500 1005 3565 seeundum
1029 3500 1161 3581 Rector,
1188 3500 1242 3565 sed
1271 3504 1362 3564 extra
1391 3501 1549 3582 ordinem,
1585 3502 1658 3581 quia
1686 3498 1842 3565 Molthero
1870 3501 2075 3581 magistratus
2102 3506 2229 3565 tantum

486 3598 591 3664 iuerat
611 3598 858 3680 quadrimestris.
900 3598 1070 3664 Postmodo
1089 3617 1184 3679 quum
1205 3616 1286 3664 anno
1307 3617 1404 3682 supra
1426 3600 1726 3682 sesquimillesimum
1746 3600 1913 3665 centesimo
1935 3601 2044 3681 quinto
2058 3599 2230 3665 Mauritius

487 3699 635 3779 Princeps
649 3697 803 3778 quaedam
817 3698 849 3761 in
859 3697 1006 3762 Ecclesiis
1018 3698 1178 3762 Hassiacis
1192 3699 1310 3762 abolita
1323 3702 1352 3780 ⁸)
1373 3706 1513 3781 cuperet,
1526 3700 1625 3781 iisque
1634 3698 1790 3781 capitibus
1803 3699 1998 3765 subscribere
2013 3700 2230 3765 detrectarent

487 3795 771 3875 Winekelmannus,
793 3793 986 3860 Leucbterus
1007 3802 1042 3859 et
1054 3795 1232 3860 Mentzerus
1244 3796 1283 3876 ²),
1304 3795 1431 3862 eosdem
1451 3796 1521 3877 fide,
1541 3815 1602 3877 qua
1625 3798 1768 3863 obstricti
1789 3802 1890 3879 erant,
1912 3798 2033 3864 solutes
2053 3799 2129 3865 iulii
2138 3799 2231 3865 XVII

490 3896 616 3963 dimisit.
657 3894 866 3972 Quamobrem
893 3893 939 3959 illi
958 3893 1096 3974 Augusti
1123 3899 1211 3960 sexto
1242 3895 1454 3961 tumultuante
1475 3896 1640 3979 Marpurgi
1671 3898 1786 3980 popule
1814 3899 1956 3965 Oiessem
1984 3898 2146 3980 abierunt,
2175 3898 2231 3965 ubi

488 3998 602 4078 postea
628 3993 908 4066 lisirrelrelmeaaus
926 3991 1089 4058 Professor
1118 3998 1152 4059 et
1173 3992 1445 4075 Superattendens
1467 3995 1568 4062 iactus
1591 4002 1658 4063 tum
1678 3998 1828 4080 Pastoris,
1855 4003 1924 4064 tum
1946 3999 2094 4064 Docteris
2115 4016 2230 4064 munus

489 4093 613 4174 egregie
635 4092 793 4159 sustinuit.
837 4091 962 4173 Scripta
984 4092 1024 4157 ab
1046 4111 1083 4158 eo
1103 4093 1136 4157 in
1157 4100 1356 4176 posterorum
1378 4096 1573 4161 commodum
1594 4097 1680 4163 edita
1711 4096 1789 4164 baec
1816 4104 1905 4164 sunt:
1935 4098 2172 4165 Commentario
2193 4099 2232 4164 in

489 4192 702 4275 Meneclium
723 4190 756 4259 S.
775 4191 900 4258 Lucae:
923 4193 959 4257 ira
979 4191 1149 4274 Epistoiaa
1168 4193 1213 4259 D.
1231 4193 1334 4259 Paeti·
1354 4195 1400 4259 ad
1420 4195 1591 4276 Rernaaos,
1613 4196 1658 4262 D.
1679 4197 1772 4263 Petri
1791 4204 1822 4263 et
1841 4198 1875 4263 S.
1896 4198 2027 4264 Jacob:
2048 4200 2084 4263 in
2103 4199 2231 4280 Apoca-

491 4293 616 4377 lypsin:
643 4290 816 4357 Ooociencs
843 4291 918 4355 item
939 4292 1103 4358 Furrebrea
1133 4300 1163 4359 ct
1177 4293 1367 4374 baptistes,
1395 4296 1575 4377 scriptaque
1597 4297 1760 4364 Polemios
1790 4296 1853 4363 alia
1875 4301 1909 4363 et
1928 4298 2078 4365 Postilla.
2120 4299 2231 4364 Finem

488 4392 573 4457 uitae
596 4390 707 4456 babuit
729 4406 811 4454 anno
833 4389 897 4456 Sul.
917 4390 1123 4474 MDOXXVI,
1142 4394 1258 4459 aetatis
1280 4399 1385 4460 autem
1406 4395 1523 4462 LXXV
1536 4400 1574 4477 ⁸).

596 4653 624 4721 1)
643 4652 688 4707 Sic
707 4651 774 4719 cod,
793 4651 890 4707 Tilem.
906 4651 1070 4720 Alafeldiae.

591 4740 620 4803 2)
640 4738 730 4806 image
747 4736 861 4807 Meyeri.

594 4823 623 4891 3)
642 4822 708 4878 Cod.
725 4824 984 4894 superemicuisse.

587 4911 621 4973 4)
639 4909 816 4978 Epitaphium
839 4911 929 4978 ipsum
952 4928 1006 4967 non
1030 4918 1073 4967 est
1094 4911 1225 4982 additum,
1256 4910 1304 4967 aed
1328 4912 1447 4981 spatium
1468 4930 1581 4971 vacuum
1605 4918 1738 4975 relietum
1782 4920 1859 4988 Quae
1881 4920 1955 4990 apud
1981 4920 2077 4977 Tilem.
2102 4921 2231 4991 leguntur

488 5010 516 5063 p.
535 4991 598 5047 108:
620 4995 656 5048 Ia
680 4993 782 5047 obitam
801 4994 976 5066 Landgraoii
998 4998 1137 5051 Wilbelmi
1155 4998 1314 5052 Oencionem
1332 4998 1476 5065 funebrem
1492 5003 1603 5071 iudicii,
1629 5020 1699 5072 quae
1722 5007 1857 5076 impresso
1880 5014 1921 5062 est
1942 5007 2164 5063 &bmollaldiae
2182 5026 2230 5065 aa

488 5084 562 5134 1593
586 5080 615 5133 in
633 5084 687 5133 4to.
708 5078 759 5132 (lu-i
779 5083 935 5148 praeniissa
952 5084 1094 5152 Apologia
1120 5090 1217 5138 eoetm
1238 5085 1386 5139 Auctorem
1410 5086 1568 5143 Relationia
1590 5091 1751 5157 historicae,
1775 5106 1825 5159 per
1848 5108 1970 5151 errorem
1990 5093 2021 5150 iu
2042 5095 2115 5151 bone
2138 5094 2230 5151 locum

488 5164 620 5220 manslata
637 5178 698 5220 esse
716 5162 849 5230 ridentur,
868 5182 929 5221 oum
945 5166 979 5221 ad
998 5167 1094 5222 Tilem.
1112 5169 1204 5240 ipsius,
1224 5186 1278 5225 uon
1297 5169 1331 5225 ad
1349 5170 1462 5226 Dilichii
1478 5175 1660 5231 numationem
1677 5177 1841 5246 pertineant.

591 5250 621 5319 5)
640 5249 732 5319 lmage
751 5249 977 5308 Wiuclrclmanni.

590 5336 620 5403 6)
640 5335 705 5391 Cod.
723 5337 833 5391 abolita.

591 5420 621 5491 7)
640 5419 705 5476 Coti.
725 5423 892 5478 Manlaerea.

589 5507 619 5576 8)
637 5507 766 5562 Ultimum
793 5510 958 5564 emundatum
981 5516 1079 5579 postea
1102 5509 1222 5565 additum
1249 5526 1325 5579 esse,
1350 5528 1366 5569 e
1391 5512 1531 5569 literarum
1556 5515 1682 5572 ductibus
1701 5523 1730 5574 et
1747 5518 1840 5575 colore
1858 5522 2003 5578 atramemi
2027 5530 2152 5593 apparet.
2188 5526 2227 5581 Ci.

487 5607 558 5660 quae
577 5592 611 5647 de
629 5594 681 5649 bac
698 5609 729 5648 re
747 5594 775 5648 in
792 5596 932 5662 prooemio
949 5596 1030 5652 huius
1043 5597 1106 5653 libri
1124 5596 1248 5654 diurnus.
1283 5598 1400 5655 Parrum
1415 5601 1533 5670 spatium
1550 5602 1624 5659 inter
1640 5604 1710 5660 banc
1725 5612 1754 5660 et
1770 5604 1903 5664 Moltberi
1919 5609 2002 5666 uitam
2020 5611 2174 5668 intercedit
