5409 7267
479 1162 559 1250 Ejus
577 1162 660 1230 iooni
679 1180 754 1229 vero
775 1162 853 1230 baec
873 1160 1006 1245 Eglinus

485 1297 489 1306 -
965 1257 1031 1315 Hoc
1050 1257 1217 1315 &moriam
1240 1263 1301 1314 mot
1323 1256 1488 1328 spectandos
1504 1257 1624 1327 inopine
1640 1256 1739 1312 Dulcis

1001 1347 1108 1401 Lustra
1124 1347 1166 1401 bis
1184 1351 1244 1402 octo
1259 1345 1376 1415 implens
1394 1343 1552 1414 Goarnopslo
1563 1343 1589 1412 ¹)
1607 1359 1697 1410 aerea,

966 1432 1140 1502 unaarum
1157 1433 1237 1487 corio
1254 1433 1398 1487 coriorum
1410 1430 1543 1486 idiomate
1556 1430 1657 1497 omas,

1001 1519 1156 1574 Hoaoiocoo
1174 1519 1263 1574 lumea
1280 1516 1359 1573 dulce
1376 1517 1509 1586 &easque
1527 1517 1644 1573 scholae.
1653 1518 1680 1585 ¹)

1123 1778 1309 1847 Henrious
1336 1780 1584 1847 Hoffmannus

576 1933 677 2001 Jonas
697 1932 907 2015 Duringorum
926 1939 1018 2016 patre
1038 1938 1134 2000 natus
1155 1953 1278 2019 rerum,
1300 1954 1381 2019 quae
1401 1936 1633 2002 Mathematicis
1651 1939 1833 2000 tractantur
1855 1933 2042 2015 disciplinis,
2068 1932 2131 1999 illic
2151 1950 2225 2014 pro·

483 2032 619 2115 sessore,
647 2037 749 2098 totum
779 2051 813 2098 se
842 2032 952 2098 iisdem
981 2033 1105 2099 artibus
1132 2034 1281 2117 tradidit,
1315 2055 1411 2118 quum
1438 2036 1539 2102 isthoc
1566 2035 1732 2118 praecipue
1752 2034 1905 2114 flagraret
1924 2032 2031 2098 studio
2056 2038 2089 2098 et
2110 2037 2225 2098 natura

484 2132 688 2216 adjuvaretur
707 2132 886 2214 plurimum.
936 2132 1072 2216 Ideoque
1099 2154 1169 2199 cum
1194 2136 1226 2199 in
1248 2133 1307 2200 hoc
1335 2135 1569 2217 disciplinarum
1595 2152 1710 2216 genere
1735 2131 1914 2214 excelleret,
1943 2134 1975 2197 in
1996 2132 2072 2197 aula
2091 2133 2225 2213 primum

485 2232 668 2300 Gasaellaua
688 2231 902 2297 Mathematici
922 2239 1029 2314 partes
1051 2234 1201 2300 sustinuit
1211 2234 1250 2316 ³).
1292 2235 1336 2299 At
1353 2253 1430 2300 vero
1453 2253 1547 2318 quum
1568 2234 1784 2299 Hartmannus
1805 2231 1846 2297 ad
1868 2250 1989 2297 omnem
2007 2232 2070 2298 vim
2091 2232 2226 2297 varieta-

485 2337 612 2414 temque
622 2335 652 2414 ι)
675 2330 885 2414 bemiatriae
901 2332 1113 2414 explicandam
1129 2335 1295 2400 traductus
1309 2340 1403 2416 esset,
1425 2335 1476 2400 bic
1489 2335 1684 2417 potissimum
1698 2333 1851 2414 Principis
1864 2330 1977 2414 judicio
1994 2337 2027 2396 et
2039 2331 2227 2398 Academiae

484 2436 611 2515 patrum
632 2449 707 2497 cura
728 2430 888 2497 adhibitus
910 2437 974 2513 est,
1002 2433 1057 2516 qni
1077 2432 1273 2498 Mathemata
1294 2433 1459 2516 Marpurgi
1486 2440 1576 2499 ostra
1604 2433 1743 2499 ordinem
1771 2432 1904 2498 doceret.
1945 2431 2008 2498 Sed
2030 2432 2112 2497 enirn
2132 2449 2227 2514 quum

485 2548 573 2597 anno
590 2529 742 2597 MDGXII
768 2548 788 2595 a
810 2530 937 2597 Jenensi
959 2531 1128 2598 Academia
1153 2534 1196 2598 ad
1227 2532 1337 2598 eadem
1366 2535 1473 2599 studia
1502 2532 1668 2600 tractanda
1695 2538 1922 2612 accerseretur,
1951 2531 2053 2597 isthuc
2073 2530 2227 2613 Principis

483 2631 641 2714 permissu
661 2630 825 2696 concessit.
867 2631 933 2697 Nec
951 2632 1023 2696 viva
1042 2631 1141 2698 solum
1161 2634 1194 2697 in
1212 2638 1345 2716 utroque
1362 2634 1483 2715 Lycaeo
1504 2633 1598 2699 hasoe
1614 2631 1793 2714 disciplinas
1807 2631 1911 2697 docuit
1926 2649 2009 2714 vooc,
2032 2631 2089 2697 sed
2101 2630 2226 2713 scriptis

483 2730 582 2797 etiam
600 2731 790 2813 propagavit
810 2734 843 2796 et
865 2730 1133 2798 lucubrationibus
1153 2732 1296 2814 easdem,
1318 2732 1493 2816 cujusmodi
1516 2738 1592 2799 sunt
1612 2733 1740 2800 tihellus
1759 2733 1799 2799 de
1821 2731 2011 2813 Ootoatez³)

1142 3008 1305 3075 Joannes
1331 3008 1572 3075 (lombachius

584 3168 654 3235 Non
684 3168 823 3252 plebeius
857 3169 970 3252 aliquis
997 3170 1219 3255 philosophus,
1257 3172 1313 3239 sed
1344 3174 1378 3238 in
1408 3172 1584 3238 divinmum
1617 3170 1710 3253 juxta
1746 3175 1843 3253 atque
1871 3170 2078 3237 humanarum
2111 3172 2229 3239 artium

486 3268 713 3336 liberalissimis
734 3270 848 3336 studiis
875 3276 973 3353 atque
1000 3271 1154 3339 doctrinis
1182 3274 1228 3339 ita
1252 3278 1414 3354 versatus,
1444 3277 1480 3338 ut
1501 3270 1655 3337 infinitam
1680 3288 1760 3351 pene
1781 3269 1904 3336 illarum
1925 3272 1988 3336 vim
2009 3277 2041 3337 et
2061 3273 2229 3338 materiam

488 3369 620 3436 scientia
647 3370 917 3451 comprehenderit
944 3389 982 3437 ac
1009 3365 1200 3453 cognitione,
1231 3371 1384 3437 Wetteris
1411 3376 1505 3436 natus
1532 3388 1615 3434 anno
1642 3373 1756 3434 anato
1776 3366 1901 3434 Christo
1921 3368 2100 3435 Moxxcv
2120 3371 2229 3453 quinto

487 3467 633 3535 Decemb.
655 3469 708 3535 die
728 3486 748 3534 a
767 3469 896 3537 meridie
917 3469 1001 3535 inter
1022 3470 1055 3536 11
1074 3477 1107 3536 et
1127 3470 1175 3537 111
1195 3476 1229 3537 et
1247 3471 1281 3535 in
1300 3470 1414 3551 patriis
1441 3468 1592 3550 primum,
1622 3472 1695 3549 post
1723 3467 1818 3531 etiam
1844 3468 1877 3532 in
1906 3469 2023 3533 esteris
2050 3468 2229 3551 Gymnasiis

489 3568 638 3635 subtilius
658 3568 818 3652 eruditus,
840 3587 922 3652 quae
942 3574 1102 3635 oratorum
1121 3569 1349 3652 philologorum
1372 3572 1405 3634 et
1424 3568 1644 3634 historicorum
1665 3564 1873 3649 myrotheciis,
1891 3566 2026 3649 itemquo
2039 3568 2229 3653 Aristotelis,

488 3668 770 3751 Peripateticorum
792 3676 825 3735 et
845 3665 1125 3751 scholasticorum,
1148 3669 1234 3735 Petri
1254 3669 1345 3734 Rami
1368 3668 1464 3734 etiam
1485 3668 1625 3734 articulis
1647 3666 1864 3748 continentur,
1889 3667 1982 3750 quasi
2002 3667 2035 3733 in
2057 3668 2230 3736 visceribus

489 3767 630 3836 condidit
650 3786 687 3835 ac
705 3768 859 3836 medullis.
900 3770 1004 3852 Atque
1021 3767 1079 3834 hoc
1100 3768 1225 3851 quidem
1239 3768 1334 3833 animi
1352 3768 1439 3834 cultu
1457 3786 1514 3834 ceu
1531 3766 1666 3851 quodam
1679 3765 1882 3832 humanitatis
1899 3766 1969 3833 cibo
1987 3767 2030 3832 ad
2050 3770 2230 3836 necessaria

488 3868 591 3951 magis
612 3872 645 3933 et
666 3868 812 3950 graviora
827 3868 883 3935 SS.
899 3866 1089 3950 Theologiae
1107 3867 1212 3933 studia
1226 3867 1365 3951 defluxit,
1384 3874 1422 3933 ut
1437 3868 1469 3933 in
1484 3867 1580 3934 rebus
1595 3866 1636 3932 ad
1653 3865 1784 3932 salutem
1799 3870 1961 3932 aeternam
1972 3868 2002 3950 ⁶)
2023 3868 2231 3936 attinentibus

461 3996 466 4005 ·
490 3966 531 4035 ab
552 3967 656 4034 animo
677 3973 828 4049 tanquam
846 3967 886 4033 ab
909 3967 1004 4033 oculis
1026 3968 1132 4033 divina
1153 3968 1313 4050 aspirante
1334 3969 1438 4049 gratia
1461 3966 1631 4049 depelleret
1651 3965 1814 4047 caliginem
1835 3965 1927 4031 etde
1948 3966 1987 4031 iis
2008 3967 2085 4049 ipsis
2104 3968 2231 4036 erudire

490 4072 599 4152 posset
618 4072 712 4150 atque
735 4065 863 4133 Christo
885 4066 1002 4132 lucrari
1021 4066 1114 4148 alios,
1135 4085 1172 4132 eo
1194 4085 1269 4133 sane
1290 4085 1496 4150 progressus,
1525 4072 1562 4132 ut
1587 4066 1621 4131 in
1647 4064 1707 4131 hoc
1726 4063 1899 4130 studiorum
1926 4083 2040 4146 genere
2062 4067 2231 4151 Licentiae,

492 4184 586 4250 quam
606 4165 782 4250 appellant,
804 4165 988 4248 dignitatem
1009 4166 1189 4232 obtinuerit.
1234 4166 1442 4249 caeteroquin
1468 4167 1496 4232 is
1523 4164 1649 4249 quidem
1669 4165 1802 4246 primum
1824 4181 1906 4229 auno
1926 4163 2046 4231 Moox
2072 4166 2136 4234 Jul.
2155 4168 2231 4234 XIV

491 4271 582 4333 extra
596 4266 746 4348 ordinem,
757 4264 856 4350 (quod
867 4265 1045 4332 ordinarius
1059 4264 1145 4333 locus
1159 4286 1223 4332 non
1238 4267 1384 4351 vacaret)
1396 4271 1547 4349 tanquam
1554 4263 1761 4345 Philosophus
1775 4263 1898 4345 publice
1905 4264 2084 4332 Aristotelis
2098 4267 2232 4333 moralia

491 4372 525 4433 et
543 4365 670 4448 politica
686 4364 840 4448 explicare
860 4365 969 4447 coepit,
989 4371 1023 4431 et
1042 4367 1075 4431 in
1094 4366 1205 4431 intinm
1222 4367 1422 4449 philosophia
1437 4366 1619 4449 depromere
1639 4368 1844 4430 consueverat
1855 4364 1899 4446 2),
1919 4364 2019 4430 multa
2038 4363 2234 4435 humanitate

493 4464 629 4534 mudire.
679 4465 723 4529 At
750 4464 948 4546 postmodum
975 4484 1072 4548 quum
1105 4485 1140 4532 se
1170 4466 1336 4534 Goclenius
1365 4468 1471 4549 Junior
1499 4465 1540 4531 ad
1569 4463 1811 4530 Mathematioas
1843 4462 2022 4545 disciplinas
2051 4467 2233 4534 tractandas

493 4564 695 4648 contulisset,
715 4582 797 4630 anno
821 4563 976 4631 MDCXII
997 4583 1104 4631 mense
1124 4565 1290 4633 Decembri
1308 4568 1342 4633 in
1363 4567 1622 4650 Philosophorum
1642 4563 1872 4630 ordinariorum
1894 4563 1992 4629 classe
2012 4564 2180 4633 collocatus
2200 4567 2234 4633 in

594 4809 622 4878 1)
640 4809 685 4863 Sic
702 4809 773 4876 Dil.;
793 4808 844 4877 leg.
866 4808 1062 4879 Gomnopolita.

593 4895 623 4965 2)
644 4894 719 4949 Obiit
736 4894 812 4949 Cath.
829 4894 925 4951 Dulcis
942 4895 1060 4951 Pistorio
1078 4900 1151 4951 teste
1169 4895 1195 4952 d.
1214 4896 1269 4952 VH
1285 4897 1348 4953 Jun.
1368 4912 1393 4954 a
1414 4900 1494 4963 16263
1513 4896 1614 4953 Album
1631 4895 1708 4952 acad
1726 4894 1753 4950 d.
1771 4895 1811 4950 VI
1829 4894 1948 4951 exhibet

593 4981 623 5050 3)
640 4980 675 5036 A.
696 4983 761 5035 1607
785 4995 847 5036 eum
872 4980 900 5037 in
925 4980 1046 5050 Collegio
1070 4981 1237 5039 Mauritiano
1261 4984 1390 5052 praeside
1412 4984 1545 5040 Mauritio
1569 4983 1698 5053 Principe
1726 4983 1818 5040 theses
1845 4982 2049 5038 mathematicas
2072 4981 2233 5053 defendisse,

495 5066 624 5124 cassellis
642 5067 716 5137 typis
735 5067 897 5135 exscriptas,
916 5065 1001 5123 tradit
1016 5068 1140 5124 Rommel
1158 5068 1259 5125 Gesch.
1276 5087 1300 5127 s.
1320 5071 1428 5128 Hessen
1444 5071 1492 5127 vl
1510 5088 1537 5141 p.
1551 5072 1611 5126 485.
1629 5068 1806 5139 btarburgum
1823 5069 1931 5124 msmiit
1946 5083 1972 5123 a.
1986 5071 2060 5124 1609.
2096 5068 2234 5126 Striedoro

494 5159 565 5210 teste
582 5159 663 5209 antes
682 5152 845 5209 Helmstadii
861 5153 996 5210 mathesin
1014 5154 1155 5223 protessus
1174 5162 1242 5212 erat

596 5240 627 5307 4)
644 5239 735 5295 boous
753 5239 886 5308 imaginis

595 5328 625 5392 5)
644 5324 710 5380 Alis
727 5342 780 5381 non
795 5325 886 5380 attulit
901 5325 970 5392 Dil,
995 5324 1043 5381 sed
1062 5325 1179 5395 spatium
1196 5342 1309 5381 vacuum
1331 5326 1450 5396 reliquit
1483 5327 1509 5382 Α
1527 5326 1665 5388 Striedero
1683 5343 1752 5385 nnus
1769 5332 1915 5398 praeterea
1933 5330 2156 5382 commemoratur
2173 5327 2234 5397 eius

497 5410 579 5485 liber,
596 5411 728 5467 Euclides
746 5413 929 5484 germanicus,
948 5411 1035 5468 Jenao
1055 5428 1079 5468 a
1100 5415 1168 5468 1628
1188 5412 1285 5469 editus.

596 5498 625 5567 6)
642 5497 732 5553 Locus
751 5498 884 5567 imaginis.

597 5585 628 5653 7)
646 5584 722 5640 Haec
737 5585 819 5640 verba
836 5584 993 5655 corruptela
1009 5583 1136 5641 laborare
1152 5582 1284 5639 videntur.
