5409 7267
1874 1046 1879 1055 ·
1990 1004 2058 1079 tit

317 1198 385 1263 vita
398 1197 426 1278 ¹)
446 1195 562 1262 mumri
582 1211 645 1260 non
664 1192 773 1276 possit,
794 1196 853 1259 aut
873 1196 990 1260 natura
997 1193 1149 1277 converti,
1169 1196 1300 1277 repente
1314 1208 1417 1260 mores
1433 1190 1567 1275 dogmat
1582 1193 1633 1261 vel
1648 1194 1798 1279 inprimis,
1817 1196 1851 1263 id
1863 1196 1949 1279 quod
1965 1198 2060 1265 etiam

318 1298 360 1363 ad
381 1293 675 1378 Paedagogiarchae
695 1309 828 1375 munus,
850 1310 911 1374 quo
931 1311 966 1359 se
987 1292 1176 1359 Dorstenius
1198 1291 1353 1359 cassellas
1374 1293 1413 1359 ad
1435 1292 1621 1362 Medicinam
1641 1294 1847 1363 factitandum
1866 1298 2059 1379 migraturus

319 1396 534 1477 abdicaverat,
554 1391 803 1477 Marpmgum2)
825 1395 992 1460 revocatus
1010 1392 1082 1477 pari
1102 1397 1135 1458 ct
1153 1390 1217 1459 fide
1246 1395 1280 1459 et
1304 1391 1464 1459 industria
1492 1394 1654 1477 praestitit
1680 1395 1878 1462 dexterrime.
1919 1396 2060 1464 Praefuit

319 1501 425 1564 autem
445 1494 568 1561 muneri
588 1492 661 1559 huic
681 1492 818 1559 secunda
838 1492 904 1558 viee
925 1492 964 1559 ab
987 1510 1069 1558 anne
1090 1488 1256 1559 MDXLIX
1276 1491 1381 1559 decem
1401 1510 1501 1560 annes
1530 1512 1600 1561 eum
1624 1495 1753 1562 semisse
1774 1513 1794 1561 a
1816 1496 1980 1579 Ferraria,
2009 1497 2060 1564 cui

320 1601 390 1662 tum
410 1594 552 1677 equidem
574 1592 723 1675 temporis
735 1592 878 1658 Rectoris
895 1592 1093 1660 incumbebat
1112 1610 1234 1676 munus,
1256 1592 1457 1660 renunciatus
1469 1592 1744 1678 Paadagoginrcha
1758 1594 1889 1678 publice.
1921 1595 2060 1663 Tandem

317 1713 414 1778 quum
433 1695 583 1777 optimam
603 1692 721 1758 aetatis
741 1696 866 1775 partem
885 1692 920 1758 in
938 1692 1068 1775 pulvere
1087 1692 1141 1759 ille
1162 1692 1321 1776 posuisset
1341 1691 1525 1760 schematice
1544 1699 1577 1760 et
1597 1712 1630 1761 se
1650 1699 1775 1762 tantum
1796 1712 1860 1761 nen
1880 1695 1913 1761 in
1930 1695 2059 1778 puerilis

317 1794 403 1860 illium
424 1794 585 1860 docuinae
606 1791 804 1858 incunabulis
824 1792 1038 1876 contrivisset,
1069 1796 1107 1859 ut
1126 1791 1279 1858 inclinata
1300 1791 1369 1875 pm
1395 1796 1503 1859 aetate
1527 1794 1664 1861 animum
1691 1795 1920 1877 quedammodo
1942 1796 1983 1863 ab
2005 1796 2060 1864 illa

318 1893 520 1961 contentione
540 1896 575 1958 et
600 1891 735 1958 assiduis
757 1890 915 1958 laboribus
935 1890 1075 1975 laxaret,
1105 1890 1230 1975 Vulteio
1256 1889 1449 1975 Paedagegli
1476 1909 1552 1961 cura
1581 1893 1772 1961 demandata
1797 1888 1849 1962 hic
1877 1894 2002 1977 quidem
2026 1896 2060 1961 in

317 1991 481 2075 eebeqinm
499 1990 748 2074 philosophicum
773 1992 948 2075 asscriptus
974 2008 1074 2074 anne,
1108 1991 1169 2058 nisi
1196 2008 1248 2057 me
1273 1988 1358 2057 fallit
1383 1990 1593 2076 memeria⁸),
1622 1990 1725 2078 DLX,
1755 1998 1790 2061 ct
1813 1994 2014 2078 postmodum
2024 1992 2059 2080 ⁴)

318 2109 443 2176 queque
460 2090 626 2175 Pbydcam
645 2090 757 2158 dooere
775 2091 923 2173 jubetur,
943 2089 977 2158 id
996 2092 1080 2174 quod
1100 2091 1246 2173 Paganus
1266 2090 1352 2158 hbes
1372 2093 1527 2174 expressit
1548 2094 1706 2161 versibus:

479 2194 481 2200 ’
803 2191 922 2248 Publice
935 2206 989 2261 per
1005 2191 1108 2247 malm
1124 2189 1151 2246 ai
1166 2203 1212 2247 rte
1225 2203 1280 2246 uto
1295 2192 1401 2247 acosma
1417 2205 1518 2248 nester

838 2277 876 2332 Iit
893 2283 966 2333 certo
984 2278 1081 2347 aptat
1098 2292 1205 2332 ceram
1217 2275 1318 2344 iuncto
1335 2277 1404 2344 loce,

805 2364 940 2434 Tempore
958 2362 1070 2434 Niqidit'
1089 2379 1199 2419 cerneres
1217 2363 1337 2418 labentis
1355 2364 1435 2419 Petri

837 2449 990 2506 &mineus
1002 2450 1112 2519 sectum
1128 2450 1202 2505 radic
1220 2448 1323 2504 uidebit
1339 2465 1444 2520 mut

806 2537 857 2592 Tot
872 2536 983 2607 peperit
998 2536 1087 2620 uerbi,
1104 2536 1186 2591 Jerb
1205 2535 1383 2605 Medieoeqttc
1399 2541 1537 2606 petrorros

837 2622 917 2679 Artis
935 2628 961 2677 ct
977 2622 1086 2677 Aoniae
1100 2621 1223 2693 piqnero
1242 2622 1320 2676 clero
1338 2620 1444 2689 demes,

806 2706 937 2764 Ocmans
954 2714 1092 2778 properat
1112 2704 1206 2764 studio
1224 2703 1290 2762 dom
1306 2706 1435 2764 audere
1452 2708 1577 2774 lesmor,

837 2795 888 2850 Ec
904 2810 959 2863 que
977 2795 1133 2865 duciieeqit
1149 2795 1241 2864 eoepit
1256 2792 1353 2851 adase
1369 2794 1478 2850 solvolia.

803 2881 886 2937 Nurac
904 2881 994 2953 leuqir
1011 2887 1103 2937 auum
1119 2883 1194 2937 ouria
1211 2880 1351 2951 coniectes
1369 2886 1396 2937 et
1411 2895 1479 2935 oceo

839 2966 906 3023 Oeen
924 2983 1031 3023 aemma
1046 2968 1174 3039 physices
1191 2966 1321 3040 &anicio
1340 2966 1423 3023 tuedo
1440 2966 1525 3023 docet.

805 3053 828 3109 0
840 3053 918 3125 salia
934 3054 1032 3125 ἐρίων,
1045 3052 1122 3123 selim
1135 3053 1219 3110 nimis
1236 3051 1359 3123 Haece,
1378 3053 1447 3109 tales

837 3140 870 3197 st
886 3155 992 3213 semper
1005 3140 1092 3211 pubis
1105 3140 1200 3211 pessit
1215 3140 1314 3197 leben
1328 3145 1434 3211 patrea

321 3230 528 3315 caeteroquin
549 3226 624 3298 lieet
644 3231 695 3298 tot
712 3229 812 3296 unde
830 3225 993 3295 laboribus
1013 3244 1094 3311 pene
1113 3227 1235 3293 battus
1255 3226 1425 3310 videretur,
1447 3242 1512 3292 nen
1525 3227 1631 3293 umen
1644 3223 1697 3294 ille
1710 3225 1883 3296 minuma
1902 3228 2061 3299 laboribus

320 3330 503 3398 remittebat
522 3334 555 3397 et
575 3329 673 3410 ends,
704 3346 813 3396 venum
842 3328 891 3395 sui
919 3344 1044 3409 semper
1072 3326 1181 3394 similis
1208 3325 1280 3391 huie
1305 3326 1362 3390 uni
1386 3326 1563 3407 juventutis
1589 3325 1782 3394 erudiendae
1803 3329 1890 3411 operi
1910 3328 2062 3413 bombat,

321 3431 368 3496 uti
389 3432 500 3498 solitus
521 3436 592 3497 erat
611 3436 705 3495 antea
727 3445 868 3509 semper,
895 3428 1028 3491 maxime
1049 3427 1110 3504 ita,
1133 3429 1170 3489 ut
1188 3422 1364 3489 candidatis
1384 3423 1537 3489 bonerum
1558 3423 1712 3490 conlerret
1733 3425 1868 3508 insignia
1889 3433 1923 3494 et
1942 3428 2062 3496 Decam

320 3548 469 3613 perquam
484 3530 651 3611 diligenter
669 3528 854 3608 iungeretur
868 3522 978 3590 efficio.
1010 3522 1145 3604 Ideoque
1161 3539 1257 3605 quum
1271 3523 1411 3587 animum
1426 3522 1513 3589 hisee
1525 3523 1662 3604 negotiis
1677 3523 1858 3592 decennium
1876 3532 2061 3610 occupatum

320 3629 496 3710 habuisset,
514 3627 701 3693 Academiae
719 3627 869 3692 Preceres
888 3622 1065 3705 subductis,
1087 3640 1165 3705 ques
1186 3620 1416 3705 enuntiaverat,
1438 3620 1606 3704 laboribus,
1628 3623 1708 3690 rude
1727 3625 1861 3691 eundem
1883 3626 2062 3693 donandum

321 3732 527 3809 censuerunt,
557 3726 652 3809 idque
679 3725 754 3792 XVI
775 3723 849 3790 Julii
878 3741 962 3788 anno
987 3721 1166 3789 MDLXXV
1192 3739 1212 3787 a
1239 3720 1379 3804 principe
1409 3721 1625 3804 impetrarunt
1678 3722 1729 3789 Sic
1757 3741 1832 3806 ergo
1860 3731 1971 3791 exacta
1995 3725 2061 3809 J'am

321 3831 430 3893 aetate
459 3826 550 3892 homo
578 3826 708 3891 LXXIV
734 3841 832 3890 annes
871 3826 965 3888 natus
1002 3840 1075 3889 eum
1110 3839 1208 3888 annes
1242 3820 1313 3903 plus
1347 3821 1450 3887 minus
1476 3820 1548 3887 tlv
1581 3822 1614 3887 in
1649 3822 1761 3888 scholis
1787 3824 2060 3910 Allenderpbiann,

321 3925 554 4008 Esehvveccnsi,
581 3924 800 4007 Gottingensi‚
836 3922 1019 3990 Casuellana
1046 3927 1079 3988 et
1106 3921 1166 3987 hac
1193 3920 1415 4003 Marpurgensi
1442 3938 1481 3986 ea
1506 3921 1602 3986 animi
1629 3923 1810 4004 praesentia
1837 3928 1870 3989 et
1897 3924 2062 3992 almritate

322 4027 545 4108 allaborasset,
575 4031 614 4092 ut
640 4025 801 4091 molestias
829 4027 862 4087 et
889 4022 996 4088 taedio
1018 4022 1136 4103 omnia,
1164 4036 1245 4103 quae
1272 4018 1445 4086 istiusmodi
1471 4019 1631 4087 laboribus
1657 4021 1804 4104 obrepere
1833 4028 2062 4091 consueverunt

322 4127 514 4208 hominibus,
545 4125 706 4191 industria
733 4124 919 4204 discuteret,
949 4127 982 4187 et
1009 4121 1091 4204 qued
1118 4121 1255 4187 nutrices
1283 4118 1386 4186 solent
1413 4118 1587 4188 infantibus
1607 4121 1712 4203 pueris
1741 4138 1818 4187 suae
1838 4120 1913 4189 fidei
1933 4122 2061 4190 creditis

322 4226 426 4295 omnia
453 4225 582 4292 minima
610 4218 727 4291 mansa
749 4224 782 4290 in
809 4240 845 4288 os
873 4223 1041 4303 maereret,
1073 4220 1200 4286 tandem
1230 4219 1371 4303 corperis
1390 4218 1474 4285 vires
1495 4219 1541 4285 ita
1561 4219 1731 4288 exhaustas
1752 4221 1852 4288 setim
1873 4226 1970 4306 atque
1988 4238 2062 4307 pre

323 4331 458 4410 stratas,
488 4330 524 4394 ut
545 4322 649 4391 cibum
669 4321 736 4391 iere
757 4339 878 4390 emnem
900 4319 1066 4387 fastidiens
1087 4338 1149 4386 non
1177 4318 1238 4385 nisi
1260 4323 1337 4403 potu
1366 4321 1399 4385 et
1425 4317 1656 4386 sorbitiunculis
1685 4335 1720 4386 se
1747 4317 1905 4404 reliceret,
1936 4337 2000 4406 qua
2026 4337 2062 4390 re

321 4431 442 4509 metus,
469 4424 553 4508 quod
573 4424 658 4491 vitae
677 4422 770 4490 finem
790 4438 854 4488 non
875 4420 968 4503 lenge
987 4418 1098 4487 abesse
1119 4423 1274 4503 cerneret,
1307 4434 1342 4485 se
1363 4416 1501 4501 quotidie
1521 4417 1562 4485 ad
1581 4419 1752 4487 diseoemn
1772 4432 1885 4503 parare
1905 4422 2010 4507 coepit
2028 4428 2062 4489 et

322 4527 406 4592 inter
427 4525 489 4591 alia
509 4524 638 4608 pietatis
655 4523 804 4590 exercitia
824 4520 899 4589 fidei
919 4505 1145 4588 confusionem
1165 4519 1259 4604 paulo
1280 4522 1356 4585 ante
1374 4523 1546 4586 exmemnm
1566 4517 1745 4587 decubitum
1766 4517 1953 4589 dulcissimis
1974 4519 2061 4590 hisce

323 4626 480 4708 versibus,
500 4621 597 4693 veluti
614 4625 725 4708 cignea
747 4622 855 4705 aliquo
877 4620 1020 4687 cantione
1040 4617 1113 4687 iecit
1133 4617 1387 4686 testatissimum:

507 4775 509 4780 .
808 4719 925 4794 Quande
941 4721 1017 4776 breui
1029 4733 1163 4791 praeseus
1179 4731 1254 4775 mors
1270 4733 1314 4773 me
1333 4728 1441 4788 queque
1456 4730 1560 4788 ponere
1576 4719 1686 4786 eitun)

833 4808 961 4872 Moeris
975 4808 1096 4863 incertae
1111 4804 1204 4861 &Meo
1220 4810 1296 4861 certo
1312 4818 1402 4860 mne:

808 4894 850 4951 ltu
867 4894 980 4949 Morino
990 4893 1039 4963 fili
1055 4894 1148 4963 petis
1165 4892 1288 4947 cccmus
1303 4892 1406 4963 imno,

843 4982 885 5035 Tu
902 4980 971 5036 mebi
984 4995 1130 5036 meumes
1146 4978 1243 5033 mertia
1261 4992 1348 5048 nqeue
1362 4991 1470 5047 precor.

424 5182 451 5251 1)
473 5179 538 5237 (led.
555 5182 595 5237 oi·
614 5181 643 5237 in
655 5181 714 5262 linc
731 5195 834 5238 venus.

422 5269 452 5338 2)
469 5269 559 5337 image
575 5267 689 5338 Nigidii.

385 5389 389 5398 ·
422 5356 452 5424 3)
470 5354 546 5409 Haec
562 5355 646 5410 verba
664 5354 725 5423 ipsa
745 5369 761 5409 e
778 5352 902 5409 (loclenii
923 5352 1043 5409 eratione
1062 5351 1185 5432 desumta
1202 5356 1274 5409 sunt.

422 5440 453 5509 4)
469 5439 503 5494 Α.
524 5442 604 5510 loeo,
622 5441 651 5494 id
668 5437 742 5509 quod
760 5455 794 5495 ex
813 5438 848 5495 iis
866 5454 937 5509 quae
956 5439 1027 5495 inira
1045 5438 1172 5509 leguntur
1190 5443 1275 5509 patet.

422 5528 452 5594 b)
471 5526 504 5581 ln
525 5525 579 5581 fine
601 5526 717 5582 Elsncbi
739 5526 877 5595 Nigidiani
898 5532 992 5581 eoum
1007 5528 1131 5583 meotis
1152 5530 1254 5598 entat,
1283 5525 1363 5596 cnjus
1390 5523 1505 5581 alicam
1533 5526 1640 5596 partu
1665 5525 1695 5581 in
1718 5523 1836 5581 medin
1861 5520 1977 5596 pretulit
2002 5521 2057 5579 bil.

325 5616 426 5667 mutate
442 5611 530 5681 prime
548 5627 641 5682 versu,
660 5613 707 5681 qui
724 5613 794 5668 haec
810 5613 906 5668 habet:
924 5612 1005 5668 Mors
1021 5618 1112 5667 cotem
1127 5628 1260 5684 praesens
1276 5626 1338 5668 eust
1352 5626 1395 5668 ste
1415 5625 1523 5683 queque
1537 5608 1737 5684 pomericos.
