5409 7267
479 961 526 1037 'IS

478 1167 739 1239 RRSTI'I'UENS
759 1167 833 1236 fflc
854 1166 935 1236 SUB
954 1164 1187 1234 ASSIGNATO
1208 1164 1289 1232 SIBI
1308 1157 1517 1232 MARMORE
1537 1163 1655 1232 SITUS
1675 1161 1770 1246 FST,
1791 1161 1865 1244 QUI
1882 1161 1999 1231 vmn
2013 1160 2144 1229 sums
2158 1160 2215 1227 LX

477 1270 602 1341 MENS.
629 1270 684 1336 VI.
713 1266 827 1336 OBIIT
853 1266 966 1334 VERO
992 1265 1108 1332 Anao
1135 1264 1290 1331 DOMINI
1314 1263 1433 1331 hotv
1460 1264 1533 1331 DIE
1558 1264 1678 1332 XXVII
1696 1263 1819 1345 JULII,
1853 1261 1978 1331 CUIUS
2004 1260 2143 1330 sums
2169 1258 2216 1327 m

480 1370 644 1444 SANGTA
662 1367 772 1437 Pecs
789 1364 1022 1434 AETERNUII
1042 1364 1256 1447 QUIFSGAT.
1295 1363 1425 1432 AMEN.
1670 1406 1674 1416 ι

575 1487 661 1557 Ioooi
680 1504 756 1553 sero
775 1483 964 1567 subscripsit
983 1482 1129 1550 thanus
1149 1486 1259 1549 nostor
1279 1480 1373 1549 baec:

962 1582 1070 1639 Noster
1086 1582 1193 1639 Joanm'
1209 1582 1393 1654 Mepobaabo,
1410 1586 1534 1651 (ηοω
1549 1580 1623 1637 aaa

995 1668 1103 1725 Lama
1119 1683 1229 1737 soom,
1242 1668 1340 1739 sorno
1358 1668 1438 1735 boec,
1455 1666 1733 1738 aerumpna

965 1751 1052 1827 Quam
1066 1754 1160 1810 uellem
1174 1770 1263 1811 mores
1275 1755 1415 1825 potttieact
1427 1753 1542 1824 pinpere
1560 1759 1588 1810 et
1603 1760 1698 1823 amn,

995 1838 1135 1912 Dept‘aait
1153 1842 1246 1897 calata
1270 1840 1320 1913 qai
1334 1839 1501 1911 Mepobacbe
1517 1843 1588 1895 tuoe.

481 1932 600 1998 Extant
620 1930 679 1995 riri
700 1927 948 2010 Omaposa‘tioaeo
969 1928 1127 2009 quaedam
1145 1926 1295 1995 Medicas
1320 1932 1353 1995 et
1374 1926 1522 1993 antidoto
1542 1942 1601 1993 usu
1622 1927 1714 2010 longo
1733 1926 1942 2008 comprobata.

1153 2292 1317 2360 Joannes
1342 2294 1543 2378 Dryander

1227 2409 1297 2466 sliss
1312 2410 1471 2467 Eichmaruc

584 2528 673 2609 Quod
694 2527 733 2593 de
754 2526 863 2595 Ithaca
884 2528 1011 2611 Ulysses
1031 2529 1114 2612 apud
1135 2528 1303 2598 Homerum
1325 2530 1438 2613 Odyss.
1458 2556 1470 2596 ι
1490 2528 1615 2616 τρηχεῖ’
1627 2528 1669 2613 ¹),
1696 2526 1768 2594 am·
1792 2527 1905 2611 ἀγαθή
1924 2523 2154 2610 κουροτρόφος,
2187 2525 2219 2590 id

485 2632 564 2714 de²)
585 2628 701 2695 Hassis
724 2646 878 2710 usurpare
898 2628 1000 2712 possis
1020 2631 1149 2710 pariter.
1192 2629 1262 2697 Etsi
1282 2632 1364 2697 enim
1384 2649 1498 2713 aspera
1517 2636 1550 2697 et
1570 2635 1715 2697 montosa
1741 2626 1807 2694 fere
1834 2627 1889 2692 illa
1909 2631 1975 2707 est,
2005 2632 2112 2692 tammr
2131 2626 2218 2693 nullo

483 2748 546 2796 non
567 2734 708 2811 tempore
737 2728 888 2810 eJusmodi
915 2730 1023 2810 genuit
1050 2734 1084 2796 et
1109 2728 1191 2796 aluit
1215 2730 1315 2813 viros,
1346 2730 1399 2814 qui
1427 2729 1596 2798 reconditis
1622 2731 1656 2795 iu
1678 2728 1799 2795 artibus
1828 2732 1862 2792 et
1889 2726 2026 2808 quadam
2053 2726 2218 2792 literarum

484 2830 638 2896 varietate
657 2828 776 2894 versati
800 2847 904 2894 rerum
926 2829 1101 2910 cognitione
1120 2830 1286 2914 praecipue
1307 2828 1517 2896 effloruemmt.
1571 2830 1674 2912 Atque
1705 2828 1788 2892 inter
1815 2826 1891 2891 baec
1914 2826 2058 2908 equidem
2085 2826 2219 2892 Hassim

485 2931 556 2995 loca
575 2928 689 2993 eminet
709 2927 758 2992 rel
780 2927 920 2993 Wettera
938 2928 1117 3012 praecipue,
1152 2947 1232 3011 quac
1259 2931 1320 2996 etei
1351 2929 1533 3013 oppidulum
1562 2929 1604 2994 sit
1632 2928 1778 3009 exiguum
1815 2925 1998 3007 admodum,
2031 2932 2136 2991 mmen
2169 2932 2218 2991 tot

486 3028 659 3094 eruditione
681 3032 714 3092 et
734 3027 876 3092 doctrina
896 3030 1106 3109 praestanteis
1127 3029 1210 3095 viros
1229 3028 1379 3112 protulit,
1401 3034 1438 3094 ut
1457 3028 1584 3110 reliquis
1603 3028 1725 3111 patnae
1748 3026 1869 3109 oppidis
1890 3026 2032 3092 omnibus
2053 3025 2112 3091 hac
2131 3026 2165 3090 in
2184 3044 2219 3090 re

486 3129 621 3211 palmum
646 3126 857 3207 praeripuisse
885 3126 1038 3192 videatur.
1085 3127 1176 3193 Hanc
1203 3129 1310 3209 ltaque
1340 3128 1459 3209 pariter
1487 3146 1558 3193 cum
1590 3127 1660 3192 aliis
1690 3127 1827 3207 patriam
1856 3131 1969 3191 nectus
1996 3131 2047 3192 est
2074 3125 2218 3192 Joaanee

487 3226 679 3311 Drpoadem
705 3224 863 3306 Medicus,
888 3225 1105 3309 Anatomicus,
1132 3226 1341 3310 Philosophus
1368 3231 1401 3292 et
1425 3225 1668 3292 Mathematicus
1696 3226 1828 3290 rottae
1853 3223 2008 3302 ἀντάξιος
2033 3220 2158 3309 eum,
2182 3230 2221 3293 ut

487 3325 616 3396 Homeri
637 3328 711 3391 utar
731 3323 844 3390 verbis.
885 3325 918 3391 Is
936 3325 1059 3408 juvenis
1082 3343 1146 3392 uon
1166 3327 1200 3391 in
1215 3327 1373 3393 desidiosa
1390 3326 1609 3407 oblectatione,
1629 3324 1713 3408 quod
1732 3325 1853 3391 isthaec
1873 3325 1955 3391 solet
1975 3332 2076 3407 aetas,
2095 3329 2221 3409 tempus

487 3427 609 3512 posuit,
630 3441 738 3491 rerum
758 3424 910 3491 acerrimo
929 3423 1049 3506 studio,
1070 3427 1188 3509 optima
1209 3426 1353 3492 doctrina
1373 3431 1406 3493 et
1424 3426 1560 3492 meduno
1578 3444 1640 3492 usu
1661 3426 1806 3508 cognovit
1832 3432 1932 3508 atque
1958 3426 2112 3509 percepit,
2139 3444 2221 3509 quse

488 3530 572 3610 uiro,
604 3526 657 3607 qui
684 3541 790 3591 curam
818 3524 1103 3607 cogitationemque
1129 3527 1161 3591 in
1191 3526 1359 3592 utilitatem
1388 3525 1545 3607 publicam
1571 3526 1715 3593 derivare
1742 3527 1865 3608 cupiat,
1902 3525 2039 3592 masada
2058 3531 2146 3609 sunt,
2174 3528 2222 3592 lta

489 3628 629 3712 quidem,
656 3630 693 3691 ut
713 3623 755 3690 ad
775 3623 927 3691 honorum
946 3624 1099 3707 insignia,
1128 3643 1209 3708 quae
1233 3626 1318 3707 cepit
1341 3625 1538 3708 Mogontiae,
1568 3643 1632 3691 non
1654 3624 1830 3708 obrepserit
1850 3624 2039 3709 mentum,
2069 3626 2126 3692 sed
2146 3643 2222 3692 vera

488 3730 605 3795 virtute
624 3729 836 3805 consequutus
855 3723 953 3790 luerit
974 3725 1091 3791 eadem.
1133 3725 1268 3807 Ideoque
1292 3743 1389 3807 quum
1407 3725 1634 3808 Megabocchus
1655 3726 1748 3792 arulae
1775 3744 1810 3791 se
1831 3726 2007 3793 addixisset
2025 3732 2142 3808 totum,
2172 3728 2223 3794 hic

490 3829 557 3896 viro
578 3827 762 3917 spmogatus
775 3822 961 3889 Medicinam
978 3823 1120 3905 inprimis
1142 3829 1175 3889 et
1189 3823 1427 3891 mathematicas
1442 3824 1621 3906 disciplinas
1634 3842 1697 3891 nou
1710 3824 1778 3891 sine
1790 3826 1872 3892 bono
1884 3825 2005 3908 publico
2017 3825 2107 3890 XXV
2118 3843 2223 3893 annos

492 3926 610 4007 docuit,
630 3928 667 3990 ut
687 3940 745 3989 nec
764 3922 875 4004 majori
893 3922 1061 4005 gravitate,
1080 3940 1138 3990 nec
1155 3924 1270 4006 studio,
1288 3940 1346 3990 nec
1361 3924 1564 3990 contentione
1579 3925 1695 4007 poterit
1708 3925 1883 4009 quisquam,
1902 3942 1999 4009 eaque
2017 3926 2050 3991 in
2070 3927 2223 4008 statione,

491 4044 586 4112 quum
606 4022 703 4091 octies
723 4024 912 4103 mammete
923 4020 1106 4104 mmuuctus
1119 4028 1203 4089 esset
1215 4022 1411 4105 Academico,
1434 4024 1483 4089 uir
1495 4024 1648 4106 singulari
1661 4025 1824 4107 praeditus
1835 4025 1989 4093 modestia
2002 4026 2224 4093 Decembxx

494 4128 545 4194 dio
559 4143 639 4192 auno
653 4123 772 4192 Mons
782 4124 813 4199 ⁸)
826 4121 982 4203 amnuit,
1003 4122 1057 4189 sed
1076 4123 1123 4190 ita
1136 4127 1252 4204 tamen,
1271 4128 1309 4190 ut
1322 4123 1405 4206 quod
1419 4124 1460 4190 de
1474 4142 1509 4190 se
1520 4123 1683 4206 praedicat
1695 4122 1825 4205 Ennius,
1844 4126 2014 4192 eficmnum
2024 4125 2138 4193 mutet
2149 4128 2225 4194 uiro

492 4245 549 4311 per
566 4242 623 4292 ora
643 4224 754 4289 rhum.
797 4221 936 4304 Reliquit
960 4221 1041 4288 enim
1069 4223 1236 4305 imaginem
1256 4238 1430 4289 memnon
1450 4224 1647 4291 lineamentis
1669 4228 1726 4290 aut
1746 4224 1919 4307 coloribus,
1941 4225 1999 4291 sed
2018 4224 2107 4292 libris
2128 4232 2225 4309 atque

493 4327 609 4409 ingenii
628 4322 835 4390 monumentis
855 4320 993 4404 adquam
1013 4322 1130 4404 multis,
1151 4322 1247 4389 ueluti
1262 4322 1391 4389 Phidiae
1404 4324 1578 4389 Μὶοοποω
1592 4340 1782 4406 expressam,
1802 4323 1888 4390 unde
1899 4324 2032 4391 nemim
2048 4325 2224 4393 doctrinm

494 4426 661 4501 amdmare
679 4423 774 4489 ltceat
791 4422 887 4490 etiarn
905 4421 1061 4504 deinceps.
1101 4420 1219 4506 Smer)
1239 4428 1344 4489 autem
1357 4422 1423 4489 lere
1436 4423 1595 4490 Ascalon
1622 4425 1740 4507 caps'tr'e
1759 4424 1893 4491 hamoni
1911 4423 2075 4508 Marpurgi
2095 4426 2139 4493 ab
2158 4427 2224 4508 ipso

495 4527 633 4596 exhibita
659 4522 797 4607 pubhce:
838 4523 963 4613 Arpalo'
983 4523 1199 4590 Astroaomioi
1223 4530 1391 4590 stramtara
1417 4530 1448 4589 et
1474 4523 1662 4607 empb'oots'o:
1686 4524 1879 4606 Disputatio
1906 4526 2064 4608 qaaedma
2082 4525 2224 4594 modim:

497 4627 647 4712 mlada
666 4622 874 4691 Astronomlci
893 4621 1091 4693 instrumenti
1107 4622 1295 4705 Explicata'o
1311 4622 1522 4690 Gratanter:
1542 4622 1690 4705 Sphaera
1704 4626 1886 4691 matous
1904 4627 1971 4692 ator
1980 4624 2069 4710 paor
2082 4626 2226 4696 molera

497 4728 681 4811 caple'oots'o:
703 4722 970 4807 Oosmprapbiae
987 4723 1213 4803 iatrodacto'o„
1226 4743 1295 4790 cam
1325 4723 1517 4806 quibasdam
1537 4722 1735 4790 damnem
1761 4732 1792 4790 ct
1809 4725 2034 4793 Astroaons'ae
2048 4727 2227 4810 prtamptit

498 4849 568 4895 eom
594 4828 638 4893 od
657 4846 725 4892 rem
750 4823 959 4891 maurim:
985 4822 1211 4891 Aatroaomioe
1238 4829 1269 4889 et
1288 4820 1556 4907 Ooamopropbioe
1582 4825 1825 4890 mammeam
1844 4845 1912 4891 aaa
1939 4843 2012 4893 aaa
2033 4825 2226 4894 mambres:

498 4926 641 4994 Libellus
663 4926 873 4991 Germoat'cus
900 4922 941 4988 de
968 4922 1112 4989 Iberus
1138 4922 1366 4990 mammam
1394 4922 1574 4990 conatam
1591 4922 1702 4990 Decii:
1731 4922 1854 4989 Praete
1882 4927 2021 4991 amiam
2045 4926 2245 4993 morbmsoao·

492 5026 747 5112 portlcalariam
774 5021 967 5091 adamastis
999 5020 1181 5089 Germanice
1210 5021 1309 5088 edita:
1348 5022 1493 5089 baala
1525 5023 1565 5089 de
1598 5042 1661 5089 aas
1694 5023 1898 5090 uaeramus
1930 5023 2131 5092 maternalis
2162 5046 2227 5110 pro

499 5126 670 5213 captaado's
701 5125 790 5190 torte
820 5144 860 5189 aa
894 5120 1060 5189 sabama
1088 5122 1248 5204 stupemus
1289 5121 1388 5188 moer
1422 5121 1462 5188 de
1497 5121 1745 5206 Horotopioram
1777 5116 1873 5189 uada
1908 5125 2148 5208 metm:
2188 5126 2227 5193 de

499 5226 681 5293 Astrolobto'
704 5224 875 5290 aaronitas
903 5227 935 5287 et
954 5222 1147 5305 qaadroatto
1175 5223 1393 5305 explicatione.
1444 5220 1549 5288 Pinxit
1576 5228 1609 5288 et
1628 5222 1793 5337 bryander
1814 5222 1892 5291 duos
1912 5225 2022 5309 plobos
2044 5226 2228 5310 marsyam

601 5479 630 5547 1)
648 5477 703 5533 Dil.
722 5478 831 5548 scripsit
847 5481 944 5550 spepat'.
969 5504 1004 5518 ·-
1031 5477 1060 5542 2)
1078 5475 1113 5531 de
1129 5490 1180 5531 om.
1198 5473 1251 5531 DII.
1277 5505 1310 5517 ·—
1339 5478 1368 5545 3)
1387 5476 1480 5545 lmtgt)
1497 5475 1639 5546 Drymdl'i.

597 5567 628 5635 4)
645 5564 787 5621 Librorum
803 5564 920 5620 indicem
938 5563 1033 5633 paucis
1051 5562 1160 5619 moade
1177 5575 1194 5617 e
1211 5561 1350 5619 Boissarli
1367 5562 1440 5619 leon.
1457 5561 1488 5618 P.
1507 5563 1552 5618 lll.
1570 5578 1598 5632 p.
1618 5564 1670 5620 800
1686 5577 1743 5633 sqq.
1763 5564 1893 5621 desumsit
1909 5565 1963 5621 Dll.
