5409 7267
480 981 528 1051 90

480 1184 601 1265 Quibus
623 1181 739 1250 studiis
759 1180 792 1248 id
814 1179 932 1263 effecit,
961 1185 997 1246 ut
1018 1180 1192 1247 medicandi
1211 1180 1325 1264 peritia
1346 1180 1398 1244 vix
1417 1179 1473 1245 ulli
1492 1181 1718 1263 comparandus
1738 1181 1772 1247 in
1792 1181 1867 1248 aula
1887 1180 2109 1266 Marpurgensi
2130 1185 2214 1267 apud

480 1284 673 1350 Ludovicum
700 1281 875 1363 Principem
907 1298 1058 1347 summam
1087 1282 1221 1363 gratiam
1247 1286 1281 1346 et
1306 1280 1446 1347 favorem
1476 1279 1654 1363 colligeret,
1690 1282 1873 1364 praesertim
1912 1300 2006 1365 quum
2042 1283 2216 1350 eruditioni

481 1383 648 1466 singularis
669 1379 822 1464 quaedam
843 1379 975 1446 comitas
997 1385 1030 1445 et
1051 1380 1266 1464 εὐτραπελία,
1291 1397 1311 1444 a
1332 1396 1395 1461 qua
1415 1379 1515 1445 omnis
1536 1379 1638 1445 fastus
1658 1385 1717 1446 aut
1735 1380 1917 1447 fastidiosus
1936 1382 2068 1449 aliorum
2089 1382 2216 1449 abesset

480 1487 695 1565 contemptus,
720 1479 911 1562 respondere
939 1479 1177 1561 intelligeretur.
1227 1480 1292 1546 Neo
1320 1478 1424 1545 minus
1445 1483 1519 1560 post
1539 1478 1688 1545 Ludovici
1709 1479 1901 1561 landgravii
1920 1481 2040 1547 obitum
2062 1481 2215 1549 Mauritio
2250 1531 2252 1541 .

482 1556 619 1664 ¹Principi
641 1585 753 1662 gratus
775 1584 808 1644 et
826 1583 971 1661 aceeptus
984 1579 1186 1663 authoritate,
1207 1579 1307 1662 gloria
1329 1583 1363 1644 et
1382 1578 1613 1643 existimatione
1634 1577 1777 1660 effloruit,
1798 1581 1825 1645 si
1841 1581 2005 1663 qumquam
2025 1582 2115 1664 nlius,
2132 1583 2215 1648 inter

482 1684 531 1749 sui
553 1680 672 1748 ordinis
694 1679 842 1747 homines.
889 1679 927 1745 In
952 1680 1123 1745 Academia
1149 1680 1246 1745 etiam
1273 1677 1443 1743 honoribus
1471 1676 1654 1759 perfunctus
1682 1684 1731 1745 est
1760 1679 1955 1761 amplissimis
1988 1681 2036 1746 vel
2066 1686 2216 1763 quartum

482 1782 604 1847 Rector.
652 1779 696 1844 Et
722 1779 840 1860 primus
868 1778 994 1859 quidem
1023 1779 1156 1845 hominis
1185 1778 1375 1844 Rectoratus
1406 1777 1516 1843 incidit
1546 1777 1579 1842 in
1606 1794 1724 1844 annum
1749 1776 1866 1846 Salutis
1887 1780 2082 1861 MDXXCV,
2113 1784 2217 1864 quo1)

481 1888 622 1963 tempore
640 1878 750 1944 Musae
771 1882 900 1960 propter
919 1877 1094 1960 pestilentis
1114 1878 1251 1960 contagii
1270 1881 1390 1943 metum
1410 1876 1558 1943 Hedcone
1579 1876 1637 1943 hoc
1658 1895 1715 1943 suo
1741 1878 1847 1945 relirto
1866 1879 2003 1961 migrare
2022 1881 2217 1962 cogebantur

483 1980 561 2061 alio,
596 1978 765 2044 Academia
792 1976 916 2059 quidem
943 1977 1209 2060 Francobergnm,
1242 1976 1483 2058 Paedagogeum
1510 1993 1585 2042 vero
1613 1976 1787 2058 Wetteras,
1823 1978 1991 2061 eodemque
2019 1981 2117 2045 etiam
2149 1982 2215 2046 isto

482 2096 565 2143 anno
586 2076 703 2143 XCVII
724 2077 851 2142 tertium
869 2076 983 2142 Rector
1002 2076 1186 2143 Academiae
1205 2075 1425 2158 gubernacula
1452 2075 1568 2157 tenuit,
1596 2075 1653 2141 sed
1674 2082 1764 2143 tanto
1787 2078 1939 2161 maiori,
1959 2084 2080 2160 quanto
2098 2080 2217 2146 malum

482 2179 584 2260 ipsum
605 2175 753 2258 serpebat
772 2175 876 2241 latius.
918 2174 999 2241 Nam
1020 2180 1086 2241 tum
1106 2176 1231 2257 qudem
1252 2175 1401 2258 temporis
1422 2174 1525 2240 nullus
1545 2175 1579 2239 in
1599 2174 1714 2242 Hassis
1735 2177 1861 2242 locusa
1885 2179 1974 2259 gravi
2000 2184 2033 2245 et
2055 2180 2216 2263 pestilenti

483 2276 674 2359 aspiratione
695 2280 764 2340 erat
785 2275 948 2355 mmunis,
977 2275 1031 2355 qui
1056 2274 1255 2341 Academiam
1283 2274 1426 2356 excipere
1453 2274 1610 2356 potuIssat
1636 2280 1670 2341 et
1689 2274 1805 2342 fovere.
1853 2277 1990 2361 Ideoque
2019 2296 2117 2361 grege
2147 2280 2216 2361 ipso

483 2376 666 2442 Academico
687 2375 846 2456 disperso,
865 2392 924 2456 quo
944 2374 1074 2456 quIsque
1091 2378 1216 2456 poterat
1235 2373 1462 2456 professorum,
1483 2378 1520 2438 ut
1540 2374 1624 2439 ultae
1645 2375 1823 2441 consuleret
1843 2382 1876 2443 et
1896 2377 2000 2460 saluti,
2021 2377 2215 2461 diffugiebat

482 2478 573 2541 Anno
594 2475 792 2557 postmodum
811 2473 898 2539 DCII
919 2492 988 2539 cum
1006 2477 1122 2555 quarta
1141 2473 1207 2538 vice
1219 2471 1362 2538 Pectoris
1384 2472 1555 2539 sustineret
1567 2490 1697 2557 munus,
1718 2474 1935 2558 Landgravius
1950 2476 2048 2544 Ottho
2068 2478 2129 2544 XV
2141 2478 2215 2545 Julii

484 2578 517 2641 in
536 2576 640 2641 albuin
668 2574 888 2642 Studiosorum
915 2574 1035 2639 relatus
1065 2575 1123 2639 est.
1174 2570 1327 2638 Vicesimo
1356 2589 1479 2654 quoque
1510 2572 1640 2654 septImo
1669 2573 1806 2657 ejusdem
1835 2575 1868 2640 in
1893 2575 1980 2642 Iuris
2002 2578 2216 2644 consultorum

483 2675 655 2754 audItorio,
688 2674 772 2756 quod
795 2672 835 2738 ad
856 2674 977 2738 Lanum
1004 2676 1070 2753 est,
1100 2671 1239 2738 oratione
1267 2671 1417 2753 primum,
1446 2670 1559 2737 deinde
1588 2671 1622 2736 in
1650 2674 1826 2740 consistorii
1855 2675 1929 2740 nula
1949 2694 2045 2742 eoem
2066 2675 2216 2761 hospitali

483 2774 605 2855 excepti
626 2777 701 2838 suut
720 2772 883 2855 Philippus
902 2771 1005 2837 Iulius
1026 2771 1230 2837 Pomeraniae
1250 2769 1314 2836 dux
1332 2775 1365 2836 et
1384 2769 1559 2837 Joachimns
1580 2770 1679 2838 abbas
1698 2770 1940 2841 Hersfeldensis.
1983 2776 2126 2843 Tandem
2147 2796 2214 2844 enm

484 2872 635 2939 XXXIIX
662 2890 760 2937 anuos
792 2889 855 2937 non
881 2870 1068 2936 Academiae
1094 2870 1208 2953 solum,
1245 2870 1476 2937 verumetiam
1502 2870 1699 2953 Principibus
1726 2873 1803 2955 ipsis
1832 2883 1866 2939 et
1897 2876 2064 2943 universae
2094 2879 2215 2960 patriae

483 2990 611 3054 operam
628 2970 867 3052 commodasset,
889 2971 965 3052 ipsis
985 2970 1055 3035 Kal.
1078 2968 1183 3035 Iuniis
1203 2986 1285 3034 anno
1299 2968 1466 3035 MDGXVI
1485 2970 1672 3052 aequmsimo
1692 2973 1795 3040 animo
1816 2976 1949 3057 oppetiit
1968 2981 2119 3058 mortem,
2143 2979 2215 3059 quia

484 3072 517 3137 id
538 3072 605 3137 vito
623 3076 695 3138 acta
714 3070 902 3153 perfecerat,
920 3074 956 3136 ut
976 3070 1053 3135 satis
1075 3086 1228 3151 superque
1247 3069 1361 3133 vixisse
1382 3067 1549 3134 videretur.
1590 3070 1629 3136 In
1650 3071 1719 3154 ejus
1740 3071 1874 3155 effigiem
1892 3074 2023 3157 Eglinus
2226 3067 2228 3072 ’

966 3167 1143 3236 Ρήηοίρῶιιε
1159 3172 1270 3235 motus,
1287 3165 1450 3235 Medicopue
1464 3167 1654 3236 Professores
1669 3176 1736 3236 orte,

1000 3254 1122 3308 Joonues
1140 3252 1191 3306 toli
1214 3252 1361 3321 Wolpluu'us
1379 3267 1426 3307 ore
1439 3251 1515 3320 suit·

968 3338 1108 3394 Providus
1125 3343 1188 3393 unte
1205 3337 1288 3404 ulios,
1306 3339 1368 3392 ueou‘
1385 3345 1523 3404 murm,
1542 3354 1625 3408 opum
1642 3342 1671 3394 oi

1001 3422 1181 3495 Splerudu'dus,
1198 3423 1353 3480 Hoauucoe
1370 3424 1421 3479 lus
1436 3425 1609 3494 columenque
1620 3426 1734 3481 odolue.

1175 3660 1311 3727 Paulus
1340 3661 1528 3728 cellarius

585 3795 798 3876 castellanus,
819 3792 991 3858 Medicinae
1015 3791 1209 3859 Candidatus
1231 3812 1249 3859 e
1269 3793 1463 3876 Tubingensi
1482 3795 1587 3861 schola
1607 3814 1806 3879 progressus,
1829 3818 1899 3865 cum
1918 3800 2057 3869 doetrim
2075 3807 2217 3873 excultus

487 3901 653 3981 putaretur
669 3895 765 3975 satis,
784 3894 817 3958 ln
830 3891 1023 3958 Medicorum
1042 3891 1227 3958 adsciscitur
1246 3910 1409 3959 numerum
1429 3899 1462 3959 et
1480 3894 1568 3960 Iunii
1589 3895 1679 3962 XVII
1699 3899 1962 3968 anniMDXXOV
1981 3903 2079 3969 sols‘tis
2100 3905 2216 3972 ritibus

487 4017 507 4063 a
530 3997 652 4063 Ioanne
672 3992 797 4060 VVolffio
819 3989 941 4057 Medico
962 3989 1220 4075 proclamatur2).
1269 3992 1318 4057 Ex
1346 4011 1385 4058 eo
1414 3998 1555 4077 tempore
1576 3995 1916 4081 AcademIae'primum
1936 4005 1970 4067 ct
1988 4000 2098 4070 deinde
2119 4004 2217 4071 etiam

488 4095 688 4164 Nosodochiis
716 4097 868 4175 quatuor,
900 4093 937 4155 nt
970 4088 1181 4172 appellantur,
1219 4091 1252 4156 in
1279 4091 1395 4159 Hassis
1418 4094 1590 4177 majoribus
1618 4094 1741 4162 fidelem
1766 4117 1893 4181 prorsus
1926 4103 2052 4169 uaraut
2076 4121 2216 4187 operam,

488 4214 617 4263 suarum
632 4211 735 4261 rerum
755 4196 789 4257 et
807 4189 942 4257 muneris
963 4175 1113 4271 samaeus
1127 4189 1175 4255 val
1188 4190 1347 4275 inprimis,
1371 4191 1468 4259 donec
1489 4194 1522 4257 In
1542 4193 1684 4260 morbum
1704 4195 1813 4264 incidit
1832 4198 2014 4268 diuturnum
2034 4207 2067 4269 et
2081 4220 2216 4288 gravem,

488 4314 557 4362 cum
578 4313 640 4378 quo
662 4292 772 4359 acerbe
790 4290 868 4357 satIs
891 4287 1083 4354 conflictatus
1103 4288 1195 4371 longe
1215 4294 1290 4357 ante
1310 4292 1390 4357 mori
1408 4291 1528 4375 didicit,
1557 4312 1652 4376 quam
1674 4301 1859 4365 moreretur.
1909 4300 2052 4369 Tandem
2079 4305 2216 4388 corporis

488 4395 582 4479 hujus
605 4392 804 4476 compedibus
824 4388 945 4456 solutus
966 4387 1044 4453 abitt
1064 4387 1104 4452 ad
1124 4389 1228 4470 plures
1249 4388 1324 4455 XIV
1342 4390 1413 4457 Jan.
1425 4396 1454 4473 ³)
1480 4410 1562 4459 anno
1583 4392 1762 4479 DCXXP).
1803 4398 1851 4464 De
1871 4402 2069 4481 perennitate
2090 4404 2215 4487 pietatis

490 4501 523 4561 et
543 4488 621 4561 ortis
640 4492 729 4560 Pauli
751 4488 876 4558 cellarii
895 4487 1095 4553 Hermannns
1115 4485 1291 4556 Fabronius
1415 4557 1417 4562 ,

729 4604 734 4616 ‘
971 4584 1070 4641 Omm'u
1083 4587 1244 4654 prusenus
1261 4588 1398 4644 astaudus
1415 4595 1478 4644 octo
1498 4596 1645 4656 emerunt,

1004 4672 1063 4727 Nee
1079 4673 1149 4728 solet
1165 4674 1274 4742 auduus·
1287 4674 1367 4744 plato
1382 4690 1484 4730 mmor
1500 4691 1557 4730 eoae
1573 4677 1625 4731 aut

970 4758 1044 4812 Pura
1060 4758 1157 4812 melwr
1172 4759 1258 4825 vitoe,
1275 4775 1372 4816 nomen
1385 4762 1501 4831 pietatis
1520 4768 1547 4817 et
1563 4764 1642 4827 ortis,

1002 4842 1125 4897 Artudua
1142 4844 1294 4914 obruorptu's
1309 4847 1446 4903 interiu'ase
1462 4848 1562 4917 nequit

971 4927 1017 4984 Sic
1033 4928 1081 4983 udi
1098 4928 1223 4985 dissuat
1231 4931 1335 5002 scopuli
1353 4931 1487 4989 Callanus
1504 4934 1575 5001 orde,

1005 5014 1158 5086 Perpetuut
1173 5016 1297 5071 mtrem
1314 5034 1410 5075 uorum
1426 5021 1457 5075 ἐκ
1474 5020 1537 5076 orde
1552 5028 1676 5086 aarum).

639 5225 704 5283 Cod.
722 5227 805 5282 habet
822 5244 898 5296 quoe.

592 5229 620 5297 1)

591 5314 619 5382 2)
637 5314 837 5369 Protessionem
854 5314 987 5371 medicam
1002 5315 1165 5374 ordinariam
1181 5319 1235 5388 ipsi
1252 5318 1407 5376 mandatam
1424 5336 1485 5378 asse
1503 5320 1529 5377 d
1546 5320 1593 5377 IX
1610 5320 1680 5377 Nor.
1700 5324 1780 5391 1688,
1798 5321 1897 5378 Allium
1914 5320 2101 5379 acad-tradit

591 5400 620 5467 3)
636 5400 745 5455 Erravit
761 5399 829 5469 Dil,
845 5414 906 5455 uam
922 5400 1023 5459 Album
1041 5402 1115 5460 acad.
1135 5403 1160 5460 d
1180 5404 1227 5459 XI.
1244 5404 1307 5461 Ian.
1325 5412 1471 5478 mortuum,
1489 5405 1515 5462 d
1534 5407 1606 5464 XIV.
1625 5407 1762 5479 sepultum
1782 5422 1843 5465 ease
1861 5406 1933 5466 dicit
1979 5453 1981 5458 .

591 5485 621 5553 4)
638 5485 728 5553 Imago
744 5484 862 5541 cellarii.

591 5571 621 5637 5)
639 5569 684 5626 Sic
701 5570 767 5640 Dil,
785 5570 934 5628 PabronIus
950 5572 1009 5642 ipae
1027 5573 1055 5628 iu
1072 5573 1125 5630 vol.
1143 5572 1217 5631 Cass.
1236 5577 1331 5631 unum.
