5409 7267
664 984 709 1057 76

582 1204 587 1218 ·
662 1188 871 1271 caeteroquin
892 1191 1046 1270 genuerat
1062 1185 1184 1251 Ericius
1204 1185 1363 1252 Valerium
1386 1184 1536 1265 Cordum,
1561 1187 1706 1269 juvenem
1734 1186 1784 1251 uel
1806 1186 1861 1251 ills
1881 1190 1987 1252 aetate
2007 1186 2235 1269 domiminum,
2265 1180 2335 1270 qui,
2364 1188 2393 1253 si

661 1292 727 1358 vita
747 1288 863 1355 bomini
884 1287 1064 1369 contigisset
1087 1285 1281 1366 diuturnior,
1306 1285 1339 1351 in
1360 1303 1395 1350 re
1417 1284 1540 1351 Medica
1563 1285 1615 1352 rix
1634 1302 1742 1367 parem
1762 1283 1929 1352 habiturus
1952 1285 2126 1353 ridebatur.
2167 1286 2288 1353 Verum
2309 1286 2393 1353 bunc

661 1390 756 1457 terris
775 1386 981 1455 ostenderunt
1001 1389 1123 1454 tantum
1142 1384 1225 1467 ista,
1252 1402 1310 1451 nec
1330 1385 1414 1450 ultra
1442 1402 1512 1450 esse
1532 1385 1683 1451 siverunt.
1725 1383 1871 1452 Morienti
1892 1383 2008 1452 Petrus
2033 1387 2183 1453 Forcstus
2203 1387 2394 1453 Academiae

660 1487 879 1571 Lugdunensis
899 1490 1011 1568 postea
1032 1484 1189 1565 Medicus,
1218 1502 1286 1550 crum
1310 1502 1373 1566 qua
1398 1484 1647 1566 conjunctissime
1665 1485 1784 1551 Romae
1809 1486 1946 1568 ruerat,
1976 1485 2091 1552 ibidem
2118 1487 2224 1553 astitit
2249 1491 2285 1553 et
2311 1486 2394 1553 febri

662 1587 816 1655 emtincto
830 1584 963 1652 occlusit
978 1584 1085 1651 oculos
1101 1582 1225 1650 Gnleud.
1241 1582 1350 1651 Octcb.
1373 1583 1450 1650 bore
1465 1582 1502 1648 V.
1523 1584 1621 1650 noctis
1633 1583 1675 1666 ¹),
1697 1601 1794 1666 quum
1814 1585 1950 1666 primum
1968 1586 2083 1652 acutis
2104 1586 2265 1668 attigisset
2276 1586 2393 1652 XXIX.

661 1688 733 1753 Fuit
752 1684 893 1751 Medicus
913 1684 1044 1765 insignis
1065 1688 1099 1749 et
1119 1683 1283 1749 berbamm
1305 1683 1354 1749 bis
1375 1683 1408 1747 in
1428 1682 1606 1764 regionibus
1626 1684 1803 1765 ignoturum
1822 1681 1994 1767 indagator,
2015 1685 2104 1769 cujus
2118 1687 2155 1751 in
2168 1685 2394 1752 Dioscoridem

660 1785 887 1851 eruditissimae
907 1787 1017 1848 extant
1036 1784 1284 1863 dementianus,
1317 1786 1350 1848 et
1376 1781 1435 1848 boc
1461 1782 1579 1847 Romae
1604 1782 1806 1864 Epitaphium
1834 1783 1875 1848 sb
1902 1784 2009 1850 amicis
2036 1784 2191 1866 praeclari
2218 1785 2393 1851 testimonii

660 1887 727 1952 loco
753 1885 837 1966 apud
865 1882 974 1948 lanum
1000 1881 1119 1948 Mariae
1144 1882 1183 1948 de
1208 1882 1312 1947 anima
1340 1882 1373 1947 iu
1400 1882 1526 1963 regione
1546 1881 1705 1964 Parienis,
1737 1882 1789 1948 ubi
1816 1882 1899 1948 inter
1927 1883 2034 1966 plures
2059 1883 2245 1950 Germaniae
2271 1884 2393 1950 nobiles

661 1984 801 2067 sepultus
819 1984 921 2066 pacet,
948 1982 1092 2064 positum.

764 2082 932 2163 Valeria²)
955 2080 1058 2147 Corda
1079 2080 1274 2149 manaen
1295 2079 1400 2147 Hesso
1422 2079 1551 2147 Ererimi
1571 2081 1686 2147 medici
1706 2088 1737 2148 et
1757 2088 1873 2165 poetae
1892 2082 1981 2165 filia,
2013 2084 2210 2165 intepritate,
2239 2082 2392 2161 maribus,

659 2185 800 2266 irnperio,
842 2183 985 2247 uanitate
1007 2181 1304 2263 praestantissimo,
1349 2180 1511 2246 doctorum
1546 2182 1685 2247 annium
1721 2182 1966 2248 admistionem
1997 2184 2125 2263 merito,
2163 2184 2220 2264 qui
2251 2189 2392 2248 naturae

655 2284 881 2359 ¹obscuritatem
902 2289 933 2347 et
951 2282 1120 2347 labarum
1140 2282 1224 2347 uires
1246 2280 1350 2347 uanae
1373 2280 1555 2347 adolesceret
1579 2280 1707 2348 senius
1739 2282 1925 2364 septicenti,
1961 2302 2031 2347 arm
2060 2282 2184 2364 expleri
2212 2284 2390 2364 cupiditate

661 2382 865 2467 cognoscendi
891 2402 955 2446 nau
968 2386 1091 2463 posset,
1120 2380 1322 2463 perlustrata
1343 2377 1520 2447 Gernrauia
1540 2380 1675 2447 liobam
1704 2381 1800 2462 adiu,
1836 2380 1974 2447 Venetiie
1999 2383 2035 2447 iu
2058 2382 2175 2448 bonore
2200 2381 2328 2447 balitus
2358 2388 2392 2447 et

660 2483 796 2550 Romam
815 2482 870 2546 oia
891 2483 1055 2565 inpressam
1076 2480 1298 2547 cmdelicsima
1310 2479 1406 2563 febre
1425 2481 1511 2547 iuter
1528 2483 1702 2547 amicarum
1716 2482 1889 2547 lachrimas
1908 2502 1972 2546 non
1983 2481 2197 2564 recuperabili
2208 2481 2390 2549 suam

653 2584 802 2665 jactura,
814 2581 949 2663 florente
960 2581 990 2661 ³)
1010 2581 1207 2664 extinguitur
1227 2599 1312 2646 anno
1334 2580 1452 2646 aetatis
1470 2600 1549 2646 suae
1570 2580 1707 2662 XXIX,
1728 2582 1848 2648 bannui
1867 2582 1982 2662 optineo
2000 2584 2112 2648 merim
2132 2581 2211 2647 cocti
2233 2580 2389 2649 Germani

654 2682 789 2763 pietatis
809 2701 883 2763 erpo
896 2700 966 2762 pas.
988 2700 1071 2747 anua
1090 2679 1216 2748 Salutis
1236 2679 1394 2745 bmnanae
1413 2678 1619 2758 amm,
1653 2680 1722 2746 VH
1739 2681 1854 2747 Kalen.
1876 2678 1979 2746 Octab.

1139 2780 1259 2834 Nascere
1277 2778 1417 2833 Paeoniae
1433 2779 1530 2833 imbue
1547 2780 1671 2849 viresgere
1688 2779 1812 2835 medendi
1925 2807 1927 2812 v

1172 2864 1238 2919 lam
1253 2870 1356 2919 natura
1373 2864 1478 2919 bomini
1490 2863 1573 2933 facta
1588 2880 1706 2921 monaca
1722 2873 1810 2936 negat.

1139 2950 1281 3007 mamaea
1298 2951 1380 3005 nimie
1397 2951 1494 3021 rapuit
1507 2958 1679 3006 momumento
1696 2958 1825 3019 cenatas,

1173 3037 1256 3091 Nunc
1273 3037 1356 3090 eumn
1372 3036 1491 3091 waram
1506 3052 1580 3092 more
1597 3038 1717 3093 violenta
1735 3039 1805 3093 tulit.

1140 3122 1223 3176 Hunc
1240 3123 1388 3176 emunctam
1403 3123 1490 3191 ipitar
1507 3124 1581 3177 uitae
1598 3123 1755 3183 timentebus
1772 3125 1859 3190 amris,

1176 3208 1243 3261 Tam
1256 3208 1358 3276 prend
1375 3208 1516 3277 apatria,
1534 3209 1634 3262 crimen
1645 3209 1747 3278 Apollo
1766 3216 1842 3264 tuum
1859 3216 1906 3265 eet.

1139 3293 1218 3348 Lilia
1234 3293 1274 3347 cic
1290 3293 1432 3362 violaeque
1446 3292 1562 3358 cadum,
1581 3294 1728 3363 abeyntlia
1739 3295 1850 3365 flarent,

1175 3377 1285 3449 Quanta
1302 3380 1369 3434 meu
1385 3379 1464 3433 rebus
1481 3378 1583 3433 Munna
1596 3387 1703 3451 parata
1719 3382 1812 3437 boum!

1137 3466 1225 3522 Italia
1241 3467 1305 3520 buia
1322 3466 1454 3519 minelum
1469 3466 1578 3533 tribuit,
1597 3465 1746 3523 Germania
1763 3468 1855 3533 citam,

618 3610 620 3613 ,
1169 3553 1223 3624 Qui
1241 3558 1353 3622 poterat
1366 3554 1444 3609 maed
1460 3552 1597 3622 clarium)
1614 3560 1697 3624 atquc
1714 3555 1791 3609 mori.

657 3643 765 3710 Aliud:

1139 3737 1254 3806 Inpeuio
1271 3743 1396 3806 superest
1413 3736 1534 3804 Cordus,
1552 3755 1625 3793 meua
1641 3741 1706 3809 ipra
1724 3746 1833 3809 reccpta
1849 3746 1890 3796 cet

1175 3820 1270 3888 Ocelo,
1294 3820 1368 3890 quod
1386 3828 1474 3877 terrae
1492 3829 1542 3890 est,
1566 3823 1689 3879 maxima
1707 3823 1801 3880 Barim
1814 3831 1891 3880 uriel.

754 3911 879 3992 Scripta
907 3926 982 3975 vero
1012 3907 1128 3974 Euricii
1156 3906 1251 3973 Cordi
1278 3906 1364 3972 edits
1393 3906 1471 3974 haec
1498 3913 1588 3975 suut:
1627 3909 1880 3995 Bataualopicon
1912 3913 1978 3980 sive
2002 3914 2186 3999 colloquium
2212 3916 2250 3983 de
2281 3921 2387 3986 uariis

656 4012 779 4081 lueriis:
810 4010 968 4077 Bucolica
989 4014 1022 4074 et
1041 4007 1288 4091 Epigrammata
1300 4008 1430 4092 saceta:
1458 4014 1491 4077 et
1514 4013 1678 4092 praeterea
1703 4010 1861 4078 lineriaco
1880 4018 1914 4078 et
1934 4014 2208 4097 Aleaipiarmaca
2226 4017 2389 4086 Nicandri

654 4119 767 4197 poetae
780 4110 923 4177 vasibus
936 4109 1073 4177 imoimo
1092 4105 1229 4174 reddidit
1243 4106 1483 4189 elegantissime.
1524 4107 1675 4192 Ejusdem
1689 4109 1765 4177 item
1772 4111 1922 4195 judicium
1935 4113 1975 4181 de
1986 4114 2094 4183 terlio
2106 4123 2137 4183 et
2151 4118 2389 4190 meduanam

658 4211 875 4295 simplicibus:
910 4209 949 4276 cle
982 4208 1084 4275 abusu
1116 4205 1309 4289 llroccopiae
1342 4207 1605 4291 mudunmw).
1656 4208 1724 4275 Vni
1757 4209 1858 4278 minue
1894 4211 1977 4280 bunc
2011 4213 2187 4284 Fabronius
2226 4221 2389 4304 asscripsit

658 4310 1000 4394 anagrammatismum:
1020 4306 1124 4374 RUDI
1144 4304 1247 4373 SUUS
1269 4303 1435 4373 clenna:
1455 4325 1493 4374 ex
1513 4325 1574 4390 quo
1593 4307 1751 4392 colligitur
1771 4310 1964 4380 EURIOIUS
1987 4312 2165 4382 OORDUS:

1138 4405 1291 4462 Paetlnnma
1307 4420 1364 4461 man
1378 4406 1473 4476 proles
1490 4412 1520 4462 tu
1534 4406 1636 4474 dicere,
1655 4406 1754 4476 Gurdo,
1769 4409 1817 4464 aed
1834 4426 1869 4467 ea
1884 4412 1943 4480 bac,

1175 4490 1254 4561 Quod
1267 4491 1416 4561 praedulce
1433 4493 1545 4561 mum)
1562 4492 1643 4550 corde
1660 4495 1828 4565 epigramma
1844 4504 1939 4553 mouet.

1138 4578 1213 4634 Hinc
1229 4578 1339 4633 colaria
1353 4580 1450 4649 patria
1469 4579 1650 4636 Simmbueiue
1668 4581 1731 4636 arbe
1746 4583 1929 4651 cuperetae')‚

1169 4664 1846 4737 immmaculatum-maaqaotara

757 4823 785 4891 1)
803 4822 945 4893 Temporis
967 4826 1032 4877 nota
1053 4821 1083 4877 in
1108 4820 1227 4890 margine
1256 4818 1350 4877 addita
1373 4825 1428 4892 est,
1461 4820 1561 4877 ombso
1584 4836 1662 4878 anuo.
1705 4821 1814 4893 ngidio
1836 4831 1865 4879 et
1887 4825 1992 4882 Adana
2017 4829 2172 4886 auctoribus
2197 4838 2317 4890 murmur
2344 4842 2389 4891 est

659 4912 685 4969 d
709 4901 787 4966 XXV
811 4907 885 4978 Sept
909 4924 933 4964 a
957 4906 1111 4963 nnxnw.
1157 4907 1283 4977 Elagium
1310 4906 1436 4976 sepulcro
1460 4907 1617 4976 inscriptum
1644 4908 1739 4965 babet:
1769 4908 1871 4966 ANNO
1895 4910 1933 4968 la.
1958 4913 1992 4969 Ι).
2017 4912 2114 4971 xnlv.
2137 4915 2199 4973 vlu
2222 4917 2387 4977 mmm.

659 4993 857 5064 canonius,
876 4993 946 5051 unde
963 4992 1075 5052 Dilicbil
1091 5008 1168 5049 error
1186 4993 1342 5064 explicatum

755 5082 786 5152 2)
804 5079 927 5150 Sepulcri
944 5078 1145 5150 macupttcuem
1162 5095 1223 5135 cum
1240 5079 1441 5150 epigrammatis
1457 5076 1579 5136 Adamas
1596 5095 1704 5149 quoque
1721 5080 1817 5152 uadit,
1843 5069 1893 5155 qui
1906 5084 1986 5153 plura
2004 5084 2039 5142 de
2056 5085 2167 5142 Valerio
2185 5085 2276 5145 Cordo
2292 5094 2388 5147 meet

659 5170 677 5226 l.
695 5168 714 5225 b
731 5183 758 5239 p.
777 5169 812 5223 42
830 5181 887 5237 sqq.

756 5252 786 5323 3)
804 5253 857 5308 bil.
876 5250 966 5308 omisit
981 5266 1057 5309 aeuo.

757 5340 788 5408 4)
806 5340 851 5395 Sic
868 5337 1002 5408 Adamas,
1021 5336 1075 5394 bu.
1093 5335 1212 5394 absurde
1229 5336 1339 5406 scripsit
1351 5337 1459 5394 claruit

758 5425 788 5494 b)
804 5423 895 5502 ilerba
912 5422 1046 5495 medem
1061 5453 1095 5464 -
1113 5424 1298 5480 mactationes
1314 5424 1342 5479 in
1358 5438 1440 5493 marg.
1459 5422 1552 5479 addita
1568 5431 1637 5483 eunt.

757 5509 787 5578 6)
805 5507 904 5563 luvel.
922 5508 996 5566 Cass.
1015 5515 1116 5567 emtat:
1134 5508 1245 5575 Dicere,
1263 5508 1338 5579 quad
1354 5511 1493 5580 scriptum.

762 5596 792 5661 7)
809 5593 854 5650 Sic
870 5593 985 5651 Fabron
1003 5596 1032 5654 iu
1051 5594 1103 5651 vol.
1123 5594 1197 5652 Gaas.
1215 5594 1269 5652 Dil.
1287 5602 1430 5667 ereperetee.
1461 5626 1488 5635 -
1514 5599 1543 5665 8)
1561 5596 1615 5652 Dil.
1633 5597 1728 5654 maur.
