5409 7267
2032 987 2077 1059 73

347 1192 381 1257 in
396 1191 571 1260 AcademiIs
583 1188 819 1276 Marpurgeusi,
838 1190 1108 1274 Heidelbergensi,
1131 1191 1374 1274 Wittebergensi
1394 1195 1428 1257 et
1442 1190 1610 1276 Altorpina
1631 1196 1665 1257 et
1680 1189 1767 1258 Julia
1786 1210 1806 1258 a
1823 1194 2077 1277 praeceptoribus

346 1291 607 1375 Jurisperitonrm
629 1292 888 1375 eloquentissimis
916 1298 949 1358 et
970 1292 1177 1373 eloquentium
1197 1293 1278 1374 juris
1298 1291 1494 1373 peritissimis
1515 1289 1589 1356 Her.
1612 1289 1753 1375 Vultajo,
1777 1293 1921 1375 Regnero
1943 1293 2075 1376 Sirtiuo,

345 1393 475 1460 Nicolao
496 1393 635 1475 Vigelio,
655 1393 724 1458 Val.
745 1393 909 1474 Forstero,
928 1393 1013 1459 Julio
1032 1392 1141 1474 Pacis,
1161 1391 1329 1475 Hyppolito
1351 1390 1541 1473 adollibns,
1563 1390 1688 1457 Andrca
1707 1392 1872 1475 Koncheu,
1892 1391 2076 1461 Eberhardo

345 1493 518 1575 aWeyhe,
545 1492 639 1560 Petro
659 1491 876 1574 Wesenbecio,
904 1492 1029 1558 Andrea
1045 1491 1228 1572 Rauchbar,
1259 1491 1355 1557 Petro
1377 1490 1508 1572 Heigio,
1541 1491 1663 1558 Joanne
1683 1490 1887 1575 Borcholten,
1913 1492 2075 1559 Dethardo

344 1592 493 1675 Horstio,
524 1592 651 1659 Andrea
672 1590 800 1673 Cludio,
834 1591 967 1673 Hugone
986 1590 1118 1656 Douello
1146 1596 1179 1656 et
1198 1589 1341 1664 Huberto,
1368 1590 1522 1673 Giphanio
1546 1591 1620 1673 jnra
1646 1593 1730 1658 omni
1757 1593 1851 1658 animi
1879 1594 2075 1659 contentione

345 1691 468 1759 didicit:
504 1710 563 1758 nec
587 1691 694 1758 diuus
722 1690 824 1757 solnm
852 1689 908 1757 sed
936 1695 968 1755 et
992 1690 1058 1773 ipse
1091 1691 1316 1772 interpretatus
1350 1695 1401 1756 est
1426 1690 1592 1773 docuitque
1620 1692 1716 1775 alios,
1751 1692 1901 1758 institutis
1928 1693 2076 1775 privatim

346 1791 483 1873 collegiis
503 1792 753 1873 Institutionum,
779 1790 1008 1857 Pandectarum
1029 1794 1062 1855 et
1083 1789 1255 1855 Feudomm
1275 1790 1308 1854 in
1330 1788 1549 1872 Marpnrgensi
1570 1796 1603 1857 et
1622 1791 1707 1857 Julia
1727 1792 1882 1872 integrum
1901 1791 1966 1857 lere
1987 1792 2075 1873 qnin-

345 1893 523 1974 quennium,
544 1896 580 1957 ut
593 1891 737 1957 videficet
752 1890 864 1956 iisdem
878 1890 1022 1970 deinceps
1036 1890 1210 1970 sententiis,
1229 1889 1339 1971 quibus
1361 1906 1436 1957 usus
1458 1890 1490 1953 in
1510 1890 1687 1970 prolusione
1704 1889 1872 1957 domestica
1892 1890 1947 1956 illa
1962 1890 2074 1973 fuerat,

344 2009 484 2073 pugnare
504 1990 673 2071 aliquando
693 1995 799 2072 posset
819 2008 880 2055 non
899 2007 989 2054 secus
1010 1994 1105 2069 atque
1124 1988 1334 2070 gladiatores,
1359 1988 1413 2071 qui
1433 1993 1599 2070 antequam
1619 1988 1703 2055 ferro
1723 1989 1901 2073 decertant,
1923 1990 1956 2056 in
1978 2008 2074 2057 arena

344 2091 419 2173 quid
431 2092 562 2174 possint,
583 2090 784 2171 experiantur
798 2090 894 2171 prins,
906 2089 1080 2172 seorsim¹),
1101 2090 1278 2170 primasque
1291 2088 1400 2154 hastas
1417 2089 1464 2154 ita
1481 2089 1602 2171 jactare
1620 2088 1754 2173 discunt,
1774 2094 1811 2156 ut
1830 2107 1934 2172 porro,
1955 2091 1982 2157 si
1998 2108 2073 2157 usus

345 2192 401 2273 sit,
427 2197 460 2256 et
487 2190 646 2257 venustati
673 2190 810 2255 serviant
830 2188 880 2253 nel
902 2188 1034 2253 maxime
1056 2193 1089 2253 et
1109 2188 1235 2270 reliquis
1256 2205 1377 2269 quoque
1397 2187 1515 2253 viribm
1543 2189 1607 2254 suls
1633 2189 1795 2255 consulant
1805 2190 1844 2273 ²).
1894 2189 1945 2256 Sic
1964 2191 2072 2273 itaque

345 2308 383 2356 ea
411 2308 490 2372 quae
515 2289 692 2371 longissime
723 2289 763 2354 ab
793 2288 1010 2371 imperitorum
1043 2288 1248 2370 intelligentia
1283 2304 1438 2369 sensuque
1472 2286 1624 2371 dIsjuncta
1652 2294 1740 2371 sunt,
1778 2295 1942 2371 sequutus,
1978 2307 2072 2371 quum

344 2390 558 2472 gravissimam
585 2389 753 2455 utilitatem
782 2388 955 2454 levissimae
983 2388 1114 2454 allorum
1138 2386 1335 2453 delectationi
1362 2387 1611 2469 anteposuisset,
1641 2389 1813 2455 uberrimos
1823 2394 1853 2472 ⁸)
1891 2406 2012 2472 quoque
2039 2394 2072 2456 et

301 2566 302 2569 Ἴ
344 2490 539 2569 laetissimos,
559 2489 613 2571 qui
628 2488 723 2554 nihilo
739 2489 862 2554 omnino
876 2487 1095 2569 adotinenttl,
1116 2486 1233 2552 laboris
1253 2490 1287 2551 et
1305 2485 1479 2551 industriae
1498 2486 1621 2553 fructus
1634 2489 1780 2570 percepit.
1822 2489 1903 2555 Nam
1916 2507 2071 2555 summum

301 2656 304 2664 ,
347 2592 380 2655 in
407 2593 541 2670 utroque
569 2588 640 2670 jnre
672 2606 734 2653 non
761 2588 829 2653 sine
854 2587 970 2669 ingenii
1002 2592 1036 2653 et
1062 2586 1220 2653 doctrinae
1248 2584 1339 2651 laude
1366 2586 1487 2651 XXIIII
1510 2586 1673 2652 Februarii
1705 2605 1787 2653 anno
1818 2587 2070 2669 ch.MDxc1v,

343 2689 459 2754 aetatis
480 2694 586 2753 autem
606 2705 681 2753 suae
701 2677 791 2752 XXX
813 2692 1041 2768 consequutus,
1062 2704 1159 2767 quum
1172 2684 1295 2751 artibus
1310 2685 1529 2768 philosophias
1540 2687 1788 2770 quadriennium,
1804 2688 2071 2771 jurisprudentiae

343 2806 442 2854 anuos
463 2787 605 2853 undecim
626 2787 782 2853 studiosus
803 2787 1013 2868 impendIsset,
1035 2786 1205 2866 eodemque
1224 2802 1297 2850 mor
1317 2803 1400 2852 anno
1420 2803 1526 2851 mense
1538 2786 1634 2853 Junio
1647 2785 1831 2853 Herbomae
1850 2788 2070 2854 Nassoviorum

342 2890 375 2953 in
396 2886 569 2967 Goeddaei,
598 2886 672 2952 inde
692 2886 895 2969 Marpurgum
916 2886 1032 2967 vocati,
1060 2884 1159 2951 locum
1186 2884 1376 2950 substitutus
1398 2889 1461 2964 est,
1499 2884 1566 2966 nbi,
1595 2884 1855 2967 quemadmodum
1875 2892 1909 2953 et
1928 2885 2069 2969 Sigdnae,

342 3004 440 3052 anuos
461 2987 559 3052 terme
572 2986 649 3067 XII,
669 2985 816 3052 traducto
831 2985 871 3052 ab
886 2986 971 3051 omni
985 2985 1047 3050 alia
1061 2984 1250 3065 cogitatione
1262 2984 1375 3064 ammo,
1394 2984 1467 3064 jura
1481 2983 1586 3049 docuit
1597 2984 1729 3068 publice,
1751 2985 1849 3053 donec
1865 2986 2069 3053 literatIssimi

341 3086 514 3152 Hessorum
534 3086 686 3168 Principis
706 3084 846 3151 Mauritii
867 3087 969 3151 accitu
984 3084 1187 3166 Marpurgnm
1204 3083 1366 3165 concessit,
1388 3089 1425 3149 ut
1440 3081 1682 3167 Gotholredi³)‚
1705 3085 1759 3167 qui
1778 3085 1888 3152 reficts
1901 3086 2069 3152 Academia

341 3185 401 3251 sub
413 3186 596 3253 Novembris
616 3184 710 3253 finem
721 3185 865 3253 Giessam
882 3185 1014 3265 abierat,
1033 3184 1136 3250 locum
1152 3182 1254 3249 isthuc
1269 3187 1398 3249 teneret
1439 3183 1492 3251 Sic
1510 3184 1616 3267 itaque
1637 3184 1670 3250 iu
1690 3184 1906 3253 Professorum
1924 3185 2068 3267 Marpur÷

341 3286 484 3367 gensium
505 3304 633 3353 numero
653 3303 734 3351 anno
756 3284 874 3351 MDOV
895 3284 1062 3351 collocatus
1089 3301 1194 3348 mense
1214 3282 1366 3348 Januero
1394 3283 1552 3366 sequentis
1578 3283 1654 3350 anni
1675 3284 1786 3352 dooere
1813 3286 1916 3368 coepit
1938 3289 1972 3352 et
1996 3284 2068 3351 boni

341 3384 449 3451 militis
473 3386 575 3452 instar
602 3384 716 3463 locum,
751 3401 856 3466 quem.
871 3382 964 3447 semel
992 3383 1089 3474 cepit,
1127 3400 1191 3448 non
1221 3381 1313 3447 laede
1338 3380 1525 3465 deserentis,
1563 3383 1728 3449 statimem
1755 3384 1798 3450 ad
1827 3402 1942 3451 annum
1968 3391 2068 3465 usque

341 3483 432 3550 MDC
600 3485 630 3567 ⁸)
663 3483 756 3548 tueri.
812 3483 849 3546 In
876 3481 975 3546 lucem
1005 3477 1187 3545 Herbomae
1212 3480 1315 3544 emisit
1340 3486 1434 3546 nolas
1461 3484 1497 3547 iu
1523 3482 1744 3549 lusesium
1770 3488 1804 3550 et
1822 3472 2069 3567 Disputationes

340 3583 528 3662 emundent,
561 3599 641 3663 quas
670 3580 842 3663 Oollcps'um
869 3578 1110 3645 Instatuticuum
1144 3578 1318 3660 inscripsit:
1361 3578 1526 3663 Marpurgi
1553 3600 1630 3648 raro
1666 3583 1795 3649 seorsim
1820 3583 2068 3665 Disputationes

339 3683 592 3761 Pandectarum,
632 3697 763 3761 quarum
797 3677 922 3744 titulum
954 3677 1027 3742 fecit
1058 3675 1231 3760 Oollcps'um
1262 3678 1508 3746 Pondectoruoa
1558 3681 1666 3748 Edidit
1695 3682 1791 3749 etiam
1821 3682 2068 3766 Disputationes

333 3783 619 3865 fuudamcutorum
642 3779 746 3847 Jurs's.
788 3778 875 3857 Quae
895 3776 962 3858 ejus
981 3777 1061 3843 iconi
1078 3776 1261 3858 subscripsit
1281 3777 1429 3861 Eglinus,
1450 3778 1527 3846 haec
1547 3784 1638 3847 suntz

819 3875 938 3933 Erudiit
949 3877 1051 3931 multos
1067 3876 1161 3931 multis
1178 3878 1317 3933 Auwnius
1335 3879 1417 3935 amus

855 3964 1026 4030 Matthaeus,
1045 3963 1095 4018 tali
1108 3962 1257 4041 praedetur
1273 3963 1378 4034 effipia:

818 4049 920 4119 Eripit
935 4048 974 4104 ud
992 4047 1126 4105 cosman
1145 4048 1259 4104 &crum
1274 4048 1348 4119 quod
1365 4051 1452 4106 olous
1463 4050 1541 4120 jura,

855 4135 918 4190 Hoc
935 4135 980 4190 slls'
992 4135 1086 4205 pistus
1104 4132 1288 4205 sedulitssquc
1305 4134 1424 4204 audiv).

440 4348 468 4416 l)
486 4347 531 4404 Sic
553 4345 636 4401 verbs
660 4343 781 4401 distinxit
803 4344 863 4413 ipse
885 4342 955 4411 nil.;
979 4341 1101 4416 alioquin
1121 4342 1208 4411 magis
1227 4341 1352 4413 placeret
1374 4343 1442 4401 haec
1469 4342 1625 4412 dispositio:
1653 4342 1791 4401 mactant
1818 4344 1847 4401 s'u
1873 4361 1973 4413 arom,
1997 4345 2064 4417 quid

340 4434 450 4505 posss'ut
465 4432 645 4506 expetuntur
657 4431 740 4502 psius
758 4430 877 4487 acorum.

438 4522 467 4586 2)
484 4518 573 4574 Locus
592 4516 723 4586 imaginIs.

438 4608 468 4674 3)
485 4604 517 4659 In
534 4604 593 4660 cod
612 4612 655 4659 est
671 4602 829 4658 mammes.

438 4692 468 4760 4)
486 4691 531 4745 Sic
549 4689 675 4746 distincte
692 4688 886 4760 scriptumest.

438 4780 468 4847 ὁ)
486 4776 632 4832 Antonium
651 4775 722 4831 uicit

437 4863 467 4932 6)
483 4862 544 4919 Non
561 4862 647 4918 solum
666 4860 729 4917 anni
746 4861 851 4917 rotatio
869 4860 1039 4932 imperfecta,
1063 4861 1111 4918 ssd
1134 4862 1216 4919 etium
1238 4862 1351 4919 duorum
1371 4861 1429 4918 iare
1451 4875 1577 4918 ramnum
1597 4859 1714 4933 spetlum
1736 4873 1850 4916 rwuum
1870 4858 1994 4917 rellctmn
2011 4864 2060 4915 est.

340 4949 473 5005 Discessit
489 4948 641 5004 Matthaeus
659 4946 821 5017 Groningam
839 4961 863 5003 s.
879 4945 1048 5019 MDGXXV,
1066 4948 1112 5004 ubi
1130 4964 1155 5004 a
1172 4946 1380 5005 mdxxxvii
1398 4953 1521 5005 mortuns
1538 4951 1589 5004 est

440 5036 469 5104 7)
488 5034 641 5104 Sequuntur
657 5035 686 5091 iu
703 5033 762 5091 cod.
780 5034 875 5091 decern
891 5034 1006 5106 pegirrss
1024 5047 1132 5093 rause.

1010 5295 1394 5311 Μ
