5409 7267
1079 1141 1082 1146 '
1149 1137 1356 1219 Volquinus
1377 1137 1547 1219 Vigelius

576 1272 737 1337 walterae
759 1274 867 1351 natus,
895 1288 989 1352 quum
1020 1289 1084 1335 non
1109 1272 1265 1336 minimam
1293 1271 1407 1336 aetatis
1433 1278 1557 1353 partem
1585 1273 1618 1337 in
1645 1272 1745 1338 literis
1774 1273 2009 1339 humanioribus
2034 1279 2067 1340 et
2093 1274 2215 1342 Medica

435 1441 439 1446 ,
483 1371 645 1454 disciplina
664 1369 837 1436 haurienda
860 1369 1058 1451 eohomsset‚
1087 1388 1149 1436 non
1174 1369 1293 1436 umbris
1318 1376 1352 1436 et
1379 1369 1496 1436 deliciis
1521 1371 1628 1437 infecit
1647 1377 1759 1454 postea
1779 1373 1932 1453 animum,
1960 1373 2015 1438 sed
2036 1374 2077 1438 ah
2099 1376 2216 1441 exteris

481 1490 544 1536 uon
564 1487 654 1536 secus
676 1474 771 1551 atque
795 1467 835 1533 ab
852 1469 1014 1551 Aegyptiis
1028 1468 1136 1552 Plato,
1157 1488 1237 1551 quae
1258 1469 1390 1535 utilitati
1410 1470 1564 1537 servirent
1584 1470 1736 1553 publicae,
1755 1470 1891 1553 petenda
1903 1472 2035 1553 putauit.
2076 1472 2216 1555 Ideoque

482 1577 516 1636 et
534 1569 665 1636 Louanii
685 1573 718 1633 et
739 1569 883 1634 Lutetiae
902 1568 1096 1635 Parisiorum
1116 1569 1294 1634 traductum
1316 1587 1337 1633 a
1358 1568 1518 1635 Theoricis
1547 1570 1660 1635 studiis
1687 1570 1827 1634 animum
1853 1570 1894 1635 ad
1922 1588 2045 1652 eorum,
2075 1589 2157 1652 qnae
2183 1573 2216 1637 in

482 1687 542 1735 usu
562 1669 758 1751 potissimum
778 1673 852 1733 sunt
872 1666 1012 1751 Medico,
1039 1669 1311 1750 investigationem
1336 1667 1484 1750 contulit,
1511 1667 1603 1750 idque
1633 1686 1672 1733 ea
1699 1667 1867 1735 sedulitate
1888 1674 1984 1750 atque
2005 1688 2104 1751 opera
2123 1672 2216 1737 utin

481 1769 616 1852 patriam
638 1768 736 1833 redux
756 1784 839 1832 anno
860 1766 1025 1833 MDXLIX
1046 1768 1153 1833 laurea
1173 1767 1335 1833 Doctorali
1361 1774 1511 1850 tanquam
1537 1768 1652 1834 illustri
1675 1768 1811 1850 gloriae,
1843 1785 1925 1848 quae
1951 1774 2036 1833 recte
2060 1768 2215 1836 factorum

481 1887 584 1935 comes
604 1886 674 1933 esse
695 1867 869 1949 consuevit,
890 1867 1024 1949 imagine
1044 1884 1065 1931 a
1085 1866 1236 1933 Ceruario
1256 1873 1421 1932 ornaretur
1435 1869 1470 1949 ¹).
1522 1866 1585 1933 Sed
1611 1868 1693 1932 enim
1720 1866 1972 1950 quandoquidem
1994 1869 2100 1933 omnia
2121 1869 2215 1935 hene

480 1968 565 2033 facta
592 1987 627 2033 se
655 1968 687 2032 in
713 1967 783 2032 luoe
809 1965 956 2039 collocari
979 1967 1101 2048 volunt,
1139 1985 1203 2031 non
1233 1967 1267 2031 iu
1301 1968 1426 2032 nomine
1459 1968 1678 2049 conquiescere
1705 1973 1761 2033 aut
1789 1968 1945 2048 parietum
1972 1968 2090 2033 umbris
2117 1969 2215 2035 occuli

480 2068 641 2151 pulchrum
663 2070 767 2147 ratus,
795 2083 902 2131 curam
919 2066 1200 2147 cogitationemque
1229 2083 1351 2131 omnem
1372 2066 1405 2130 in
1431 2066 1601 2132 utilitatem
1620 2067 1775 2149 publicam
1793 2066 1994 2132 derivandam
2014 2068 2214 2135 existimauit.

480 2166 617 2249 Ideoque
645 2184 772 2248 operam
801 2183 891 2231 suam
920 2165 1105 2232 Academiae
1132 2168 1232 2247 n0n¹l
1267 2166 1367 2231 solum
1398 2167 1431 2231 in
1459 2165 1688 2231 Mathematicis
1720 2165 1902 2249 disciplinis,
1939 2166 2119 2232 sedetiam
2144 2175 2214 2234 arte

480 2266 602 2331 Medica
630 2265 773 2330 methodo
801 2270 834 2331 et
862 2266 972 2330 ordine
1003 2265 1168 2331 tradendis
1198 2264 1319 2330 addixit
1345 2266 1463 2331 Decaui
1496 2266 1616 2332 honore
1644 2265 1694 2330 die
1719 2266 1833 2331 IJnlii
1859 2283 1941 2330 annu
1961 2264 2153 2349 MDXLV⁸)
2181 2274 2215 2335 et

480 2366 625 2431 Remuria
646 2364 801 2447 dignitate
821 2382 905 2429 anno
926 2365 982 2430 DL
1003 2369 1136 2430 ornatus
1164 2369 1197 2429 et
1219 2369 1341 2430 auctus.
1391 2366 1454 2431 Sed
1477 2372 1551 2447 post
1572 2364 1744 2447 CasseHas,
1773 2370 1810 2430 ut
1829 2364 2014 2430 Medicinam
2034 2367 2068 2430 in
2088 2367 2163 2432 aula
2180 2374 2214 2433 et

480 2466 559 2531 urhe
579 2464 696 2530 iaceret
715 2465 817 2529 isthuc
837 2466 988 2531 concessit
1009 2465 1197 2547 tandemque
1218 2483 1288 2530 cum
1308 2464 1424 2530 ibidem
1445 2467 1678 2546 consenuisset,
1714 2465 1829 2530 nemini
1857 2482 1920 2529 non
1947 2469 2079 2547 propter
2101 2468 2214 2532 merita

405 2571 409 2576 “
480 2571 592 2646 gratis
613 2563 711 2645 April.
732 2562 822 2628 XXV
844 2582 926 2629 anno
947 2564 1144 2629 MDLXXIX
1164 2565 1263 2644 vitae,
1291 2581 1385 2645 quam
1411 2564 1453 2629 ab
1480 2582 1519 2629 ea
1551 2570 1729 2646 acceperat,
1757 2581 1883 2630 usuram
1908 2570 2042 2631 naturae
2068 2564 2213 2647 reddidit,

481 2682 572 2746 quem
593 2663 652 2728 hoc
672 2664 835 2728 cremavit
855 2665 990 2730 carmine
1010 2664 1152 2746 Nigidius
1163 2665 1202 2745 ⁴).

1136 2942 1316 3010 Nicolaus
1344 2942 1551 3010 Sascherus

573 3095 801 3176 (iruningensis
823 3096 929 3175 Friso,
961 3112 1055 3176 quum
1078 3095 1240 3160 illustriss.
1264 3095 1458 3176 Principibus
1486 3094 1526 3159 ob
1553 3094 1731 3177 doctrinae,
1761 3111 1825 3176 qua
1843 3095 1998 3178 pollebat,
2026 3101 2211 3165 varietatem

480 3202 513 3260 et
534 3195 653 3276 copiam
673 3212 736 3258 non
757 3193 839 3258 fama
859 3195 1013 3275 populari,
1036 3194 1092 3260 sed
1112 3212 1185 3259 uera
1204 3194 1356 3259 honorum
1376 3193 1467 3259 laude
1484 3200 1579 3276 atque
1600 3194 1863 3261 commendatione
1883 3196 2072 3263 innotuisset
2092 3202 2127 3263 et
2148 3217 2211 3265 non

481 3314 579 3360 unum
608 3293 820 3374 innocentiae,
857 3293 1057 3375 prudentiae,
1093 3294 1219 3359 virtutis
1252 3297 1349 3375 atque
1386 3293 1545 3359 doctrinae
1575 3295 1729 3375 specimen
1764 3294 1917 3377 dedisset,
1956 3302 2047 3361 extra
2073 3297 2211 3363 ordinem

480 3395 666 3461 Medicinam
688 3393 799 3458 docere
814 3394 938 3475 jussus,
960 3394 993 3459 id
1013 3412 1127 3459 munus
1145 3395 1203 3459 An.
1225 3392 1421 3458 MDLXXIV
1441 3412 1611 3475 aggressus
1640 3400 1699 3460 est.
1748 3394 1811 3461 Sed
1841 3412 1936 3476 quum
1962 3414 2046 3462 anno
2071 3398 2213 3478 proxime

481 3493 623 3576 sequenti
652 3494 690 3558 D.
713 3493 826 3557 Petrus
848 3493 993 3574 Nigidius
1021 3492 1130 3559 Senior
1158 3494 1273 3558 aetatis
1302 3494 1499 3574 munerisque
1532 3494 1725 3560 vacationem
1762 3495 1976 3576 impetrasset,
2012 3495 2061 3561 hic
2088 3497 2213 3578 quidem

483 3595 543 3660 XX
564 3594 640 3660 Julii
660 3592 744 3658 illius
767 3592 886 3659 vicibus
908 3594 1062 3676 susceptis
1084 3593 1248 3658 universae
1266 3598 1398 3658 naturae
1417 3593 1490 3674 vim,
1510 3594 1694 3659 varietatem
1714 3598 1748 3659 et
1768 3593 1901 3676 cupiam,
1923 3595 2028 3676 quoad
2045 3595 2078 3660 id
2098 3597 2212 3662 mentis

357 3719 361 3727 ·
481 3696 650 3773 humanae,
678 3709 758 3773 quae
783 3711 888 3758 rerum
913 3694 1103 3758 naturalium
1130 3710 1258 3758 caussas
1285 3694 1375 3775 quasi
1401 3711 1458 3774 W
1483 3693 1648 3775 caliginem
1681 3694 1795 3774 oemit,
1828 3693 1981 3775 Permittit
2009 3694 2212 3777 ifflbffliffitss,

482 3793 636 3876 explicare
663 3791 765 3872 coepit
790 3791 913 3874 publice
943 3791 1152 3857 solertissime.
1199 3793 1243 3856 ht
1267 3809 1342 3856 vero
1367 3810 1463 3873 quum
1492 3810 1543 3856 au.
1565 3791 1760 3857 muham
1785 3790 1863 3857 Julii
1883 3794 1900 3858 1
1926 3793 2042 3860 Decaui
2062 3811 2212 3875 praeesse

481 3894 633 3975 coepisset
652 3891 789 3971 muneri,
808 3891 904 3972 paulo
923 3896 998 3974 post
1016 3890 1125 3956 fidenti
1144 3897 1176 3955 et
1197 3891 1404 3973 placidissimo
1426 3891 1531 3955 animo
1553 3892 1586 3956 iu
1606 3891 1716 3957 mediis
1739 3892 1822 3957 vitae
1843 3892 1998 3980 lahorihus
2018 3892 2208 3961 ohdormivit

481 4012 545 4059 non
572 3993 639 4057 sine
667 3991 758 4072 gravi
778 3992 963 4056 Academiae
989 3991 1092 4073 luctu,
1130 4009 1212 4073 qnae
1239 3992 1393 4075 ejusmodi
1420 3992 1579 4057 amisisset
1608 3993 1826 4075 intempestive
1854 4010 1981 4074 prorsus
2005 3992 2120 4076 virum,
2154 3995 2210 4076 qui

481 4091 663 4158 florentibus
684 4091 773 4156 aunis
796 4109 853 4156 nec
875 4091 1052 4173 voluptates
1072 4092 1233 4174 requirens
1255 4110 1312 4156 nec
1333 4091 1472 4156 lahorem
1492 4091 1614 4172 lugiens
1641 4110 1763 4157 omnem
1783 4110 1888 4157 uuam
1909 4098 2005 4175 atque
2020 4092 2210 4160 industriam

480 4196 537 4258 aut
557 4190 597 4256 ad
611 4189 851 4256 admirationem
866 4208 974 4255 earum
988 4209 1104 4273 rerum,
1126 4210 1206 4274 quae
1225 4190 1266 4256 ab
1279 4191 1416 4272 antiquis
1428 4198 1573 4272 repertae
1595 4197 1677 4273 sunt,
1696 4198 1753 4257 aut
1771 4210 1921 4257 novarum
1941 4193 2208 4274 investigationem

480 4290 678 4358 mutuhsset:
708 4294 745 4354 ut
768 4296 936 4371 propterea
961 4292 1028 4373 ejus
1049 4308 1145 4372 opera
1165 4291 1272 4356 multis
1294 4290 1460 4374 profutura
1486 4291 1654 4357 videretur.
1697 4292 1760 4357 Sed
1781 4292 1863 4357 enim
1883 4309 1986 4395 mors,
2021 4296 2060 4357 ut
2079 4293 2125 4357 ait
2145 4293 2208 4376 ille,

480 4387 557 4457 οὔτε
575 4390 652 4464 τούς
673 4390 833 4473 πονηρούς
852 4389 1014 4473 ὑπερορᾶ,
1041 4383 1117 4453 οὔτε
1138 4391 1214 4465 τούς
1237 4390 1387 4473 ἀγαθούς
1407 4390 1588 4471 θαυμάζει,
1615 4391 1686 4455 ἄλλ’
1712 4390 1786 4456 ἴσον
1810 4390 1926 4455 ἑαυτὸν
1949 4401 2085 4475 παρέχει
2109 4394 2208 4458 udos:

480 4510 584 4575 neque
604 4489 762 4571 improbos
782 4490 922 4572 despicit,
942 4507 1041 4571 neque
1061 4488 1160 4555 honos
1183 4490 1367 4572 admiratur,
1389 4489 1444 4555 sed
1462 4508 1532 4557 sese
1545 4490 1687 4556 omnibus
1702 4490 1866 4571 aequalem
1877 4491 2015 4573 praehet
2056 4489 2208 4559 sisenes

479 4591 514 4656 in
533 4590 725 4674 professione
744 4587 885 4670 Physica
898 4591 1046 4655 successit
1064 4588 1246 4672 Ilodolphus
1268 4589 1433 4656 Goelenius
1452 4587 1570 4655 Senior.
1610 4590 1686 4655 Viro
1706 4590 1885 4672 parentavit
1903 4590 2062 4673 Nigidius:

580 4850 608 4913 l)
626 4844 666 4899 Cf.
683 4860 717 4898 ea
735 4859 804 4914 quae
823 4843 858 4897 ad
875 4844 957 4899 vitam
973 4844 1095 4899 Ceruarii
1114 4844 1306 4900 adnotavimus.

577 4933 608 4997 2)
625 4930 715 4984 Locus
730 4929 863 4998 imaginis
1680 4987 1682 4992 .

578 5017 607 5083 3)
625 5016 685 5070 Hoc
702 5014 737 5069 ad
755 5015 978 5085 philosophorum
996 5015 1116 5071 ordinem
1130 5015 1302 5071 referendum
1317 5030 1386 5084 esse,
1405 5016 1468 5071 iuds
1484 5023 1575 5085 patet,
1595 5015 1669 5086 quod
1683 5017 1807 5087 Vigelius
1823 5024 1919 5088 postca
1934 5018 2041 5075 demum
2056 5018 2207 5077 medicinas

481 5103 600 5159 doctoris
618 5100 731 5170 gradum
748 5101 862 5169 adeptus
880 5108 935 5171 est,
964 5110 990 5156 et
1007 5102 1079 5170 quod
1102 5103 1131 5156 in
1156 5102 1217 5171 ipsu
1238 5101 1356 5157 thesium
1381 5101 1609 5159 defendendarum
1633 5103 1848 5173 promulgatione
1864 5103 2002 5160 Strisdero
2023 5110 2094 5161 teste
2118 5106 2206 5174 (XVI,

480 5207 509 5259 p.
526 5192 589 5250 321)
615 5187 804 5256 philosophiae
827 5190 964 5255 professor
987 5188 1148 5257 appellatur.
1195 5188 1258 5256 lpse
1281 5188 1309 5242 in
1333 5186 1404 5242 Albo
1432 5188 1508 5243 acad.
1539 5190 1574 5244 ad
1599 5207 1624 5245 a
1646 5193 1713 5246 1550
1733 5191 1982 5247 mathematicum
2005 5191 2207 5261 disciplinarum

479 5276 662 5345 professorem
678 5290 707 5328 se
726 5274 804 5336 dicit,
829 5274 898 5342 quod
924 5291 1020 5330 munus
1041 5290 1103 5330 eum
1127 5291 1150 5328 a.
1173 5278 1237 5328 1544
1263 5274 1402 5342 accepisse
1426 5275 1558 5332 Pistoriae
1582 5275 1678 5346 tradit,
1703 5277 1750 5347 qui
1775 5280 1834 5346 ejus
1859 5277 1894 5332 ad
1916 5277 2006 5334 auin
2022 5279 2207 5336 cumdum

481 5362 629 5416 discessum
646 5360 674 5413 in
693 5376 717 5413 a
737 5363 802 5414 1553
821 5359 911 5414 refert.
1375 5368 1380 5379 ·

577 5450 608 5510 4)
626 5446 739 5500 Carmen
757 5448 843 5514 ipsum
861 5462 949 5514 neque
972 5446 999 5501 iu
1020 5453 1095 5503 textu
1117 5449 1250 5516 usquein
1271 5447 1369 5516 pagina
1392 5449 1451 5516 ejus
1476 5448 1592 5503 addendi
1615 5465 1698 5505 ansa
1721 5448 1887 5517 agglutinata
1910 5456 2005 5505 exstat
2046 5450 2085 5505 Of.
2104 5412 2206 5521 Nigidii

481 5533 585 5587 elench
603 5532 670 5600 prof.
691 5550 715 5600 p.
735 5538 766 5587 54
783 5550 821 5601 sq.
