5409 7267
617 895 664 964 30

615 1083 841 1165 dispositionem
863 1080 1072 1146 doctissimae:
1102 1084 1168 1144 tum
1195 1079 1379 1143 duratione
1401 1076 1618 1153 concionandi,
1646 1095 1703 1140 seu
1724 1075 1834 1141 Stadii
1857 1073 2038 1158 lheolopici
2052 1076 2079 1157 ¹)
2101 1076 2198 1141 liber:
2227 1078 2266 1140 de
2285 1079 2362 1159 for-

614 1182 743 1247 mandis
768 1180 969 1246 concionibus
991 1178 1104 1247 Sacris
1125 1179 1178 1246 lib.
1201 1177 1256 1242 II:
1280 1178 1319 1242 de
1333 1180 1417 1241 recle
1428 1174 1607 1257 formando
1626 1173 1854 1258 theolopiae²)
1875 1174 2002 1241 studio:
2024 1175 2063 1239 de
2077 1174 2149 1241 Sac.
2170 1174 2362 1258 Scripturae

616 1282 747 1348 lectione
769 1286 799 1346 et
818 1280 1023 1346 meditatione
1044 1278 1236 1361 quotidiana
1258 1276 1310 1341 lib.
1333 1274 1390 1340 II:
1419 1292 1456 1340 nc
1478 1272 1625 1339 Methodi
1646 1273 1835 1356 theolopiae
1856 1274 2002 1341 totidem:
2029 1274 2149 1356 Topica
2172 1274 2363 1359 theclae-ica

615 1388 645 1446 et
675 1379 863 1446 Catachesis.
913 1378 1033 1443 Extant
1057 1394 1182 1459 quoque
1206 1393 1270 1441 uno
1297 1373 1455 1440 volumine
1482 1372 1568 1438 edita
1604 1372 1754 1453 opuscula
1785 1374 1824 1439 de
1853 1372 1925 1439 Suc.
1954 1372 2125 1439 literanum
2151 1376 2271 1440 studiis
2299 1396 2362 1440 uon

615 1479 824 1564 differendis:
846 1479 885 1545 de
906 1477 1106 1543 institutione
1126 1495 1279 1542 nouorum
1299 1474 1510 1556 callepiorum,
1532 1472 1702 1554 inquibus
1717 1474 1873 1554 juvenetus
1894 1473 2043 1539 eruditur
2064 1473 2109 1538 ad
2123 1475 2362 1556 suscipiendam

615 1579 778 1644 Ecclesiae
795 1577 1073 1661 pubernationem:
1100 1576 1139 1641 de
1160 1574 1291 1657 publico
1318 1573 1500 1639 studiorum
1519 1572 1555 1637 in
1582 1572 1691 1637 schola
1713 1571 1902 1655 linolopica
1931 1574 2089 1639 examine:
2120 1574 2158 1639 de
2180 1572 2361 1640 Catechesi:

615 1679 655 1744 de
666 1678 736 1759 fide
756 1676 893 1742 hominis
913 1675 1120 1758 justificandi
1143 1694 1181 1739 uc
1203 1675 1242 1739 de
1261 1673 1332 1757 fide
1362 1678 1392 1737 et
1418 1671 1567 1753 operibus
1595 1671 1733 1737 hominis
1751 1671 1924 1754 iustificati
1949 1673 2168 1754 quaestiones:
2198 1671 2362 1739 Christum

615 1798 677 1841 nou
699 1773 972 1841 instrumentalem
993 1774 1084 1839 modo
1104 1793 1172 1839 esse
1191 1772 1310 1838 salutis
1330 1779 1460 1838 nostrae
1481 1790 1639 1850 caussam,
1659 1792 1769 1837 oerum
1789 1771 1888 1837 etiam
1909 1771 2095 1853 emimentem
2116 1778 2147 1838 et
2163 1772 2360 1853 principun:

616 1895 679 1941 riou
707 1895 775 1941 esse
807 1874 907 1938 aliam
929 1873 1177 1954 justificationis
1201 1873 1302 1949 uiam,
1332 1891 1429 1953 quam
1454 1891 1520 1953 qua
1539 1870 1708 1935 Abraham
1730 1870 1932 1953 justificatus
1955 1878 2016 1951 est,
2039 1872 2220 1953 perfidem
2241 1872 2362 1937 scilicet

617 1974 736 2056 absque
757 1972 922 2055 operibus:
944 1973 984 2037 dc
1005 1974 1126 2053 spiritu
1148 1978 1178 2037 et
1201 1971 1314 2037 litera:
1339 1969 1530 2035 Conciliatio
1552 1969 1665 2034 horum
1682 1969 1830 2049 locorum,
1853 1970 1909 2051 oui
1932 1970 2029 2053 lepem
2041 1971 2149 2052 factis
2169 1972 2360 2052 exprimunt,

610 2076 697 2156 justi
717 2073 874 2139 habentur
894 2071 938 2135 ad
959 2072 1050 2136 Rom.
1072 2072 1128 2136 II:
1157 2076 1188 2136 et
1210 2091 1249 2136 eu
1271 2069 1420 2151 operibus
1446 2069 1525 2151 lepis
1546 2088 1634 2134 riano
1653 2069 1857 2151 justificatur
1876 2070 1921 2134 ud
1940 2071 2032 2136 Rom.
2055 2070 2128 2135 ΙΗ.1
2156 2078 2187 2136 el
2206 2072 2362 2138 similium

618 2174 673 2254 qui
688 2173 770 2253 pari
791 2171 882 2236 :niodo
904 2171 1053 2235 ridentur
1075 2171 1159 2235 inter
1180 2189 1215 2235 se
1236 2169 1438 2250 discrepare:
1468 2168 1507 2233 de
1527 2167 1666 2233 hominis
1684 2171 1797 2234 merito
1819 2169 1909 2251 apud
1928 2168 2052 2236 Deum:
2074 2170 2258 2236 Historiam
2280 2191 2362 2252 quae

617 2271 660 2336 ΙΙ
677 2270 785 2336 Mach.
808 2271 927 2353 lepitnr
954 2270 993 2333 de
1016 2268 1164 2334 barcariis
1185 2267 1444 2350 Hierosolymam
1472 2268 1582 2332 niissis
1611 2268 1656 2332 ad
1676 2268 1873 2349 sucrificium
1887 2288 1951 2348 pro
1972 2269 2145 2351 mandis
2165 2276 2362 2336 mortuorum

611 2373 771 2453 peccatis,
794 2389 916 2451 pamm
944 2388 1012 2433 esse
1041 2367 1202 2450 efficacem
1231 2368 1276 2432 ad
1305 2366 1573 2448 conprobandum
1598 2367 1735 2433 mortuis
1764 2367 1809 2431 ad
1839 2367 1976 2434 salutem
2000 2369 2155 2449 prodesse
2175 2371 2360 2435 Missurum

618 2470 873 2537 celebrationem:
911 2467 1015 2533 Verba
1036 2467 1182 2532 PauliI
1206 2466 1277 2532 Cor.
1299 2465 1373 2531 XV
1388 2466 1427 2531 de
1447 2465 1514 2545 his,
1543 2466 1599 2548 qui
1627 2465 1836 2548 baptizantur
1860 2487 1925 2547 pro
1953 2468 2104 2547 mortuis,
2131 2468 2234 2549 paulo
2256 2470 2362 2549 aliter,

618 2591 714 2653 quam
736 2591 757 2634 u
781 2567 945 2634 rimrnullis
966 2566 1128 2645 bostonus,
1150 2566 1304 2632 distincta
1323 2571 1353 2631 et
1373 2566 1536 2647 exposita:
1558 2565 1597 2631 de
1617 2565 1758 2650 Quodis
1777 2567 1912 2632 annuis:
1941 2566 1981 2631 de
1994 2566 2130 2647 publica
2148 2569 2183 2633 in
2198 2589 2363 2650 pauperes

618 2667 834 2750 beruflcentia:
857 2666 896 2732 de
905 2666 1015 2731 Eeriis
1029 2664 1334 2744 Bacchanaliorum,
1356 2665 1502 2747 quodque
1523 2665 1612 2747 apud
1634 2664 1838 2731 Christianos
1859 2666 1961 2730 locum
1980 2665 2096 2731 habere
2117 2666 2206 2733 nullo
2229 2670 2363 2735 debeam

617 2767 717 2833 undo.
760 2767 866 2847 Atque
883 2765 961 2829 haec
983 2763 1087 2829 omnin
1108 2768 1182 2830 sunt
1195 2762 1347 2846 impressa
1370 2764 1472 2829 simul.
1514 2765 1594 2829 Pars
1608 2768 1714 2829 antem
1734 2763 1951 2845 opusculorum
1966 2763 2211 2846 theologicorum
2226 2765 2363 2831 secunda

618 2867 675 2932 hos
702 2865 844 2931 continet
870 2863 968 2928 libros
998 2863 1037 2929 de
1056 2864 1189 2943 piorum
1210 2862 1357 2927 videlicet
1384 2864 1569 2929 auditorum
1597 2866 1632 2929 in
1654 2863 1877 2945 dijudicandis
1900 2863 2057 2928 doctrinis
2078 2865 2198 2947 ospicio:
2228 2866 2267 2930 de
2283 2886 2362 2947 pro

618 2965 761 3031 videntia
780 2962 862 3029 Dei:
885 2962 925 3027 de
939 2962 1131 3044 probatione
1150 2964 1203 3027 sui
1223 2963 1346 3043 ipsius:
1369 2961 1571 3028 Consultatio
1592 2964 1631 3027 de
1653 2964 1800 3046 corrjupio
1816 2963 2039 3028 ministrorum
2054 2962 2232 3030 Ecclesiae:
2253 2971 2364 3031 utmem

618 3064 770 3147 Babylon
796 3064 833 3128 in
859 3061 1059 3144 Apocalypsi
1087 3062 1243 3143 sipnificet
1273 3061 1426 3126 Romani:
1463 3061 1516 3126 De
1542 3062 1594 3127 his
1623 3064 1679 3143 qui
1707 3061 1832 3127 Eilium
1859 3063 2055 3128 corestituant
2079 3064 2266 3145 inferiorem
2292 3064 2362 3130 Deo

620 3170 715 3246 atquo
734 3163 830 3227 Patri
851 3160 1067 3243 inaequalem:
1089 3167 1266 3242 praecepta
1285 3160 1444 3242 Decolopi
1471 3160 1568 3226 aliter
1594 3159 1670 3226 olim
1698 3162 1803 3244 diperi
1829 3161 1929 3227 solita
1956 3167 2050 3243 utque
2072 3182 2170 3227 nunc:
2199 3164 2244 3227 ad
2264 3165 2361 3229 cerba

618 3262 769 3344 Apostoli
788 3261 832 3325 II
855 3259 975 3326 Corint.
997 3260 1060 3324 ΙΙΙ
1083 3259 1236 3341 Epistola
1262 3280 1333 3325 mea
1360 3279 1416 3325 cos
1444 3260 1522 3325 estis
1549 3266 1580 3326 et
1605 3258 1698 3325 Deus
1726 3260 1856 3326 Manuos
1888 3280 1946 3326 nos
1965 3261 2055 3343 facit
2087 3262 2252 3328 acinistros
2279 3264 2363 3327 Nori

619 3362 827 3428 Testamenti:
856 3361 895 3425 de
916 3361 1002 3425 ceris
1022 3358 1242 3441 Apostolatus,
1271 3357 1469 3426 Doctoratus
1490 3365 1520 3425 et
1541 3359 1697 3425 similium
1714 3360 1877 3441 paduam
1904 3361 2056 3443 irisipniis
2071 3364 2244 3442 proposita
2267 3385 2363 3444 qeme-

565 3492 568 3496 <
618 3463 710 3526 ilarii:
738 3460 791 3526 De
813 3459 1029 3525 Sacramentis
1061 3460 1096 3523 in
1123 3479 1253 3541 periere:
1283 3458 1388 3538 Super
1417 3458 1513 3523 rerba
1540 3458 1691 3540 Apostoli
1719 3459 1764 3523 ad
1785 3458 1996 3525 Rornanosl.
2022 3460 2163 3526 borsines
2186 3483 2207 3526 u
2234 3462 2305 3528 Deo
2328 3466 2364 3527 iu

618 3560 786 3643 reprobam
806 3565 938 3625 rrmntcm
966 3556 1106 3639 trudi³).
1156 3556 1291 3638 Scripsit
1317 3557 1414 3621 etiam
1442 3558 1482 3623 de
1508 3559 1634 3623 ratione
1659 3558 1778 3636 studii,
1806 3557 1932 3640 scripsit
1951 3557 2150 3640 Dialectica,
2179 3561 2363 3641 Rhetorica,

618 3659 846 3738 Aritlnnetica,
874 3656 989 3738 Optica
1021 3663 1051 3722 et
1070 3657 1296 3722 Astronomica
1325 3657 1500 3737 quaedam,
1528 3657 1656 3738 scripsit
1675 3657 1835 3740 Physica;
1866 3657 1996 3725 Scholia
2023 3660 2068 3723 ad
2090 3660 2194 3724 decem
2221 3660 2364 3741 libros⁴)

618 3757 822 3826 Aristotelis:
850 3754 978 3835 scripsit
1011 3753 1254 3821 Observationes
1283 3754 1423 3819 locorum
1451 3756 1486 3818 in
1513 3775 1569 3820 eas
1597 3754 1847 3838 Evaupetiorum
1870 3758 2073 3838 particulas,
2113 3779 2196 3841 qccae
2223 3760 2364 3843 sirmulis

619 3856 800 3922 Dominicis
818 3855 854 3917 in
873 3852 1030 3918 Ecclesiis
1057 3854 1191 3919 recitari
1211 3859 1455 3918 consueverunt:
1484 3852 1524 3917 de
1544 3852 1767 3919 Studiosorum
1788 3856 1858 3920 vita
1878 3861 1908 3921 et
1924 3857 2082 3923 erroribus:
2111 3858 2309 3941 Euepemata
2327 3861 2364 3922 in

620 3975 725 4022 omues
753 3954 797 4019 D.
830 3951 932 4018 Pauli
963 3951 1148 4033 Epistulas:
1184 3951 1358 4017 Feriarum
1392 3951 1664 4019 Scholasticarnm
1704 3954 1756 4018 lib.
1788 3952 1878 4021 XII:
1919 3954 1959 4020 de
1994 3957 2179 4022 ordinanda
2213 3958 2363 4023 mensa

620 4055 674 4121 lib.
704 4053 758 4133 Vl,
781 4068 863 4134 quoe
883 4055 989 4115 tumen
1012 4050 1115 4115 omnia
1136 4049 1282 4114 absoluta
1303 4067 1366 4115 non
1381 4055 1464 4117 sunt.
1507 4050 1558 4117 Sic
1577 4052 1676 4133 igitur
1694 4051 1850 4118 bominem
1872 4055 2023 4135 majorem
2043 4056 2187 4138 publicae
2207 4056 2365 4138 utilitatis,

619 4171 714 4237 quom
734 4150 878 4233 propriae
898 4149 1086 4215 valetudinis
1105 4165 1213 4217 curam
1233 4154 1394 4230 gerentem
1415 4150 1636 4233 Intempestive
1656 4170 1740 4217 mom
1761 4153 1890 4219 sustulit
1903 4152 2069 4237 Mamurgi
2091 4173 2174 4220 anno
2197 4154 2362 4223 MDLXIV

621 4252 688 4318 Cal.
710 4248 902 4329 Februariis,
929 4266 1000 4313 cum
1020 4248 1105 4313 vitoe
1124 4247 1266 4329 equidem
1284 4264 1398 4312 cnnnm
1420 4249 1510 4329 LIII,
1538 4248 1706 4316 functionis
1725 4257 1831 4317 autem
1850 4253 1942 4319 XIIII
1960 4261 2072 4336 ageret
2091 4261 2124 4320 et
2144 4256 2265 4321 interes
2286 4261 2364 4321 tem·

619 4352 705 4435 poris
734 4353 802 4415 tum
831 4347 974 4413 Rectoris
1001 4347 1099 4428 ipsius
1131 4346 1334 4428 dignitatem,
1368 4351 1436 4412 tum
1461 4366 1535 4414 vero
1561 4349 1753 4416 Prorectoris
1783 4356 1816 4416 et
1842 4352 1928 4418 inter
1955 4352 2160 4435 Theologicae
2189 4354 2364 4420 Facultatis

619 4465 767 4533 proceres
786 4446 970 4513 Decurionis
998 4446 1081 4511 vices
1108 4445 1319 4511 sustinuisset.
1372 4444 1450 4512 Post
1477 4446 1543 4528 ejus
1573 4448 1692 4515 obitum
1712 4450 1903 4516 Laurentius
1928 4450 2085 4534 Hyperius
2110 4451 2193 4519 lilius
2220 4453 2389 4535 praefixo.

620 4548 817 4631 praelatione
835 4544 937 4627 patris
958 4543 1058 4610 edidit
1081 4562 1193 4629 opera,
1225 4544 1273 4610 uti
1294 4550 1367 4613 sunt
1392 4546 1428 4611 iu
1447 4547 1571 4613 Esaiae
1591 4548 1772 4630 Prophetae
1791 4550 1924 4616 oracula
1953 4554 2176 4618 annotationes
2195 4552 2306 4618 breves
2329 4559 2364 4619 et

621 4646 778 4714 eruditae:
807 4644 1035 4725 Cornpeudium
1056 4644 1210 4728 Phpsices
1235 4643 1449 4710 Aristoteleae
1468 4651 1501 4712 et
1527 4646 1652 4731 nIia³):
1681 4651 1908 4716 coiumeutaria
1934 4651 1970 4717 iu
1998 4651 2104 4735 Epist.
2134 4653 2180 4717 ad
2202 4651 2313 4718 Galat.
2334 4661 2365 4719 et

620 4746 787 4829 Ephesios.
828 4743 884 4807 Ad
897 4742 1123 4823 Philippenses
1140 4747 1254 4821 nutem,
1276 4741 1485 4824 Colossenses,
1508 4743 1809 4829 thessalonicenses,
1833 4749 1944 4816 ambae
1957 4750 1989 4833 ⁸)
2008 4771 2079 4816 cum
2100 4751 2206 4817 indice
2223 4754 2364 4835 pecuina:

727 4958 754 5022 1)
772 4954 867 5009 Tiiem.
886 4953 957 5010 falso
973 4954 1084 5010 exhibet
1097 4954 1205 5011 Studiis
1223 4954 1401 5025 lheolopicis.
1436 4956 1548 5014 Librum
1566 4959 1600 5015 de
1612 4962 1722 5016 rectene
1738 4959 1827 5015 studi
1845 4962 1990 5033 dieolopici
2010 4979 2062 5018 nen
2082 4962 2192 5019 differre
2211 4965 2248 5019 ab
2265 4979 2298 5019 co
2315 4968 2363 5035 qui

619 5040 777 5098 inscribitur
797 5039 917 5095 derecte
932 5040 1086 5108 sonncndo
1105 5041 1258 5110 theotopioe
1274 5040 1375 5106 studia
1399 5041 1554 5101 Striederus
1578 5053 1676 5102 monet.
1696 5046 1818 5101 Titulum
1839 5046 1873 5101 de
1896 5049 2006 5103 rationo
2028 5049 2211 5105 cunicmundi
2233 5066 2293 5105 cum
2312 5051 2363 5106 illo

620 5128 793 5183 coniimctum
812 5124 947 5181 Dilicbius
965 5125 1036 5181 unde
1055 5127 1194 5192 sumserit,
1212 5125 1375 5194 ignoramus.

723 5214 752 5276 2)
772 5211 864 5280 Imago
882 5211 1005 5281 Hyperii.

723 5297 753 5364 3)
772 5296 848 5351 nudi
866 5312 935 5353 corr.
954 5312 988 5353 ex
1007 5298 1081 5351 nabi
1099 5301 1188 5351 exstet
1207 5297 1235 5351 in
1254 5298 1312 5353 cod.

724 5384 756 5450 t).
772 5382 825 5437 Dil.
847 5382 938 5437 omisit
956 5383 1126 5438 Ethicornm.
1222 5441 1228 5448 ,

723 5470 752 5533 t)
770 5466 958 5523 Distinetionis
977 5468 1082 5537 signum
1099 5483 1117 5522 a
1135 5467 1191 5524 Dil.
1210 5468 1338 5526 ambrum
1358 5469 1519 5537 audicimus,
1537 5470 1606 5529 duce
1622 5472 1778 5530 Roisssrdo.

722 5552 752 5620 6)
770 5551 815 5606 Sic
832 5551 886 5606 Dil.
903 5553 1074 5623 negligenter
1091 5553 1210 5624 scripsit;
1232 5553 1318 5611 Boiss
1339 5562 1414 5610 recte
1438 5557 1688 5615 lhcscalmiccrucs
1706 5562 1807 5616 ambas.
