5409 7267
2085 946 2153 1019 107

1031 1133 1247 1201 Matthaeus
1275 1133 1532 1217 Philocapella

518 1285 574 1352 Vir
594 1293 627 1353 et
647 1287 918 1368 praestantissimo
938 1288 1064 1370 ingenio
1084 1295 1118 1355 et
1134 1288 1281 1372 flagranti
1302 1291 1407 1357 studio
1427 1295 1461 1357 et
1479 1291 1589 1357 doctus
1608 1309 1628 1357 a
1648 1308 1747 1373 puero
1769 1289 1914 1373 quicquid
1934 1290 2041 1371 potuit
2061 1290 2158 1357 studii

419 1383 461 1450 ad
491 1384 661 1452 docendam
687 1386 832 1453 Ethicam
862 1392 895 1453 et
925 1387 1168 1454 Grammaticam
1199 1389 1342 1456 adhibuit
1352 1391 1393 1474 ¹),
1433 1408 1534 1473 eoque
1564 1392 1692 1458 nomine
1725 1391 1860 1457 omnium
1894 1389 1954 1457 sibi
1975 1391 2158 1458 'cancillavit

420 1485 564 1565 gratiam.
608 1485 673 1552 Sub
696 1486 765 1569 ejus
788 1485 891 1569 effigie
910 1486 944 1552 hi
964 1487 1112 1569 leguntur
1132 1487 1252 1570 Pagani
1272 1506 1397 1556 versus:

902 1586 1076 1641 Motthocum
1093 1588 1179 1643 cisoa
1196 1594 1332 1644 momtrst
1344 1590 1459 1660 pictore
1479 1588 1627 1660 Capellam,

938 1671 998 1742 Qrco
1016 1671 1083 1728 duce
1102 1674 1217 1729 mantis
1231 1676 1360 1745 pascitur
1380 1674 1448 1729 ordo
1469 1676 1583 1731 adcolae.

901 1758 1013 1813 Natalis
1030 1759 1102 1815 lanc
1122 1758 1217 1815 Cottas
1233 1759 1401 1831 Erphards'o
1416 1762 1493 1815 misit
1506 1761 1545 1815 od
1563 1777 1636 1829 oros,

935 1844 1046 1899 Mortis
1062 1847 1259 1916 cumprimum
1279 1852 1347 1901 noto
1365 1847 1459 1917 Lyceo
1473 1847 1576 1916 foreat.

900 1928 992 1985 Fidus
1008 1930 1056 1985 osi
1070 1933 1183 2001 patriae
1198 1938 1350 2003 praccepta
1366 1932 1466 2001 fidelis
1482 1948 1588 1987 morum

938 2016 1077 2085 Itodiclit,
1094 2019 1211 2089 taponaco
1226 2020 1335 2089 pabola
1350 2025 1434 2089 prata
1450 2020 1534 2089 prens

902 2101 977 2173 Quid
994 2103 1068 2173 qood
1086 2110 1112 2159 ct
1128 2106 1255 2160 emeritus
1266 2120 1323 2161 non
1336 2106 1417 2175 sipoto
1426 2106 1580 2175 reltaqocrc
1591 2104 1676 2171 mdes,

935 2188 989 2244 Sed
1007 2190 1084 2245 soliti
1098 2192 1193 2261 pergit
1205 2192 1284 2261 serre
1304 2192 1409 2247 loboris
1426 2207 1503 2247 onae.

902 2274 962 2330 Pro
977 2278 1083 2332 auritas
1099 2278 1187 2348 {pitto
1202 2278 1318 2333 maltam
1333 2278 1385 2333 tuot
1399 2279 1498 2348 patrio
1512 2275 1597 2343 deors,

935 2362 995 2417 Nec
1011 2363 1139 2419 studioso
1156 2365 1259 2434 mimo,
1278 2365 1357 2421 docto
1375 2364 1503 2434 capello,
1523 2364 1628 2420 celtas.

418 2443 509 2509 Anno
529 2443 652 2510 demum
674 2444 851 2531 MDLXIV,
880 2466 974 2530 quum
1003 2451 1161 2517 Autumno
1186 2454 1253 2535 jam
1280 2451 1461 2517 imminente
1487 2451 1585 2533 pestis
1607 2449 1746 2532 grassari
1772 2448 1938 2531 inciperet,
1966 2462 2094 2530 eamque
2116 2446 2156 2512 ob

419 2560 562 2609 caussam
584 2544 754 2612 Academia
776 2546 851 2612 sede
871 2549 1037 2614 exturbata
1059 2568 1117 2616 sna
1138 2552 1278 2618 exularet
1299 2551 1553 2633 Francobergae,
1576 2549 1706 2632 capella
1726 2566 1820 2615 senex
1837 2547 1921 2614 vitae
1941 2550 2110 2628 pertaesus
2125 2551 2158 2611 et

418 2648 584 2725 propterea
605 2643 706 2709 locum
726 2650 851 2711 mutare
871 2647 980 2713 nolens
1002 2667 1065 2714 una
1086 2668 1157 2716 cum
1177 2651 1282 2717 decem
1308 2652 1415 2718 liberis
1436 2651 1497 2717 hac
1516 2651 1586 2732 ipsa
1614 2649 1665 2715 lue
1692 2647 1885 2730 extinguitur
1905 2646 2022 2712 decimo
2044 2650 2156 2711 octavo

419 2743 563 2810 Octobris
585 2744 634 2810 die
645 2745 690 2826 ²),
721 2763 817 2827 quum
838 2747 1049 2830 quadraginta
1070 2749 1225 2818 docuisset
1246 2770 1365 2833 annos,
1394 2752 1493 2817 multa
1514 2768 1584 2816 curn
1604 2749 1695 2815 laude
1715 2748 1856 2829 sexagies
1867 2747 1897 2830 ³)
1917 2746 2078 2827 Domum,
2107 2743 2156 2810 bis

419 2845 583 2927 Rector⁴).
624 2845 661 2909 In
682 2864 801 2911 summo
822 2847 940 2928 templo
966 2848 1007 2913 ad
1029 2848 1178 2933 baptismi
1200 2849 1319 2918 iontem
1342 2851 1436 2917 humo
1465 2849 1605 2917 consitus
1631 2849 1760 2931 visitur,
1780 2845 1954 2934 ,laboribus
1980 2844 2157 2911 studiorum

417 2943 535 3010 fractus
558 2945 710 3026 annisque
731 2946 846 3027 gravis.

1083 3230 1262 3299 Nicolaus
1288 3233 1489 3317 Asclepius

1220 3339 1353 3395 Barbatus

516 3476 713 3543 Cassellauus
734 3478 823 3542 initio
838 3476 1059 3543 efflorescentia
1073 3478 1257 3544 Academiae
1272 3477 1333 3545 huc
1349 3497 1383 3545 se
1398 3479 1579 3559 Hombcrga
1591 3476 1763 3556 Ostiorum,
1782 3474 1837 3541 ubi
1848 3473 1915 3540 ludi
1927 3473 2153 3540 moderatorem

417 3581 527 3657 egerat
549 3575 748 3657 primarium,
770 3574 920 3657 contult,
942 3567 1162 3658 Philosophus,
1182 3577 1282 3642 Poeta
1305 3583 1338 3643 et
1361 3579 1492 3659 Orator,
1520 3578 1567 3642 uti
1586 3575 1722 3642 seculum
1743 3572 1819 3639 illud
1837 3571 1974 3654 ferebat,
1996 3591 2059 3637 non
2080 3591 2154 3640 con·

417 3673 614 3739 temnendus.
664 3674 768 3756 Atque
795 3673 922 3755 quidem
949 3675 1032 3740 inter
1059 3676 1177 3757 primos
1200 3677 1388 3743 Academiae
1415 3694 1561 3759 proceres
1586 3674 1799 3745 Dialecticam
1813 3677 1847 3739 et
1873 3670 2016 3737 Ethicam
2043 3672 2153 3739 docere

412 3774 519 3856 Jussus
539 3777 598 3839 est.
640 3772 843 3840 Postmodum
868 3774 963 3840 etiam
994 3792 1089 3856 quum
1111 3774 1199 3841 Juris
1222 3775 1329 3843 Civilis
1358 3776 1567 3858 intelligentia
1594 3780 1690 3857 atque
1717 3772 1907 3856 prudentiae
1928 3789 2042 3853 genere
2062 3790 2153 3856 prae·

415 3877 527 3955 staret,
546 3872 838 3955 jurisconsultomm
856 3873 1014 3957 suffragiis
1034 3878 1068 3941 et
1087 3875 1223 3942 Ferrarii
1245 3895 1341 3958 opera
1360 3878 1448 3945 Jnris
1463 3875 1503 3942 U.
1515 3875 1659 3941 Doctoris
1681 3872 1809 3939 titulum
1829 3890 1867 3938 ao
1887 3888 1998 3937 nomeu
2019 3870 2153 3954 adeptus

415 3979 465 4039 est
486 3990 569 4038 anno
589 3972 773 4057 Mouvlr).
816 3974 957 4040 Tandem
983 3975 1182 4056 grandaevus
1208 3981 1241 4042 et
1268 3977 1415 4042 emeritus
1442 3976 1481 4043 de
1509 3974 1660 4041 curriculo
1688 3973 1782 4055 huius
1804 3972 1889 4038 vitae
1911 3970 2047 4036 decessit
2070 3988 2152 4036 anno

414 4072 582 4137 MDLXXI
599 4073 715 4154 Aprilis
735 4072 868 4157 XXIl),
886 4093 979 4156 quum
1000 4074 1142 4141 Rectoris
1162 4075 1363 4141 sustinuisset
1382 4074 1494 4157 semel,
1524 4073 1643 4165 Decqni
1671 4076 1777 4137 autem
1798 4087 1911 4136 munus
1931 4069 2096 4152 quinquies
2118 4074 2152 4135 et

416 4172 498 4237 inter
519 4172 599 4237 alios
621 4170 786 4239 Crotonem
808 4172 1058 4257 Heimbachium,
1078 4173 1328 4240 Hersleldensem
1348 4180 1459 4258 postea
1475 4173 1632 4240 Abbatem
1652 4176 1686 4238 et
1705 4170 1832 4253 Imperii
1849 4169 1947 4251 ipsius
1968 4168 2152 4253 Principem,

416 4270 630 4353 Philosophica
651 4272 759 4338 laurea
787 4291 869 4340 anno
890 4273 1058 4340 MDXLIH
1083 4274 1332 4340 condecorasset.
1387 4274 1451 4341 Sub
1481 4274 1549 4357 eJ'us
1576 4271 1713 4354 imagine
1739 4270 1798 4336 hoc
1822 4287 1874 4337 me
1902 4268 2013 4351 legisse
2033 4267 2153 4350 Psgani

416 4388 542 4436 carmen
563 4371 702 4438 memini:

898 4470 971 4541 Quid
987 4472 1041 4527 asoa·
1058 4488 1128 4528 cono
1144 4472 1210 4527 aelst
1225 4472 1382 4528 amarando
1394 4472 1502 4542 frontis
1520 4471 1621 4541 Imago,

930 4557 962 4613 Si
979 4557 1103 4625 dubitas,
1121 4558 1188 4614 tecto
1207 4560 1326 4614 caratiae
1346 4558 1444 4615 cocao
1464 4559 1525 4614 cris.

895 4642 975 4698 Haec
994 4650 1035 4699 cst
1051 4644 1192 4714 Aesclopa'i
1204 4646 1311 4714 socies:
1328 4661 1407 4716 quem
1424 4645 1525 4701 coelico
1536 4643 1614 4712 jacis

931 4729 1028 4799 Bepara
1041 4735 1229 4799 perscrutatam
1243 4732 1369 4801 pisciano
1387 4730 1459 4787 cidit
1476 4732 1576 4801 tom,

897 4814 1032 4886 Qacmqtsc
1048 4817 1107 4872 aaa
1123 4816 1201 4885 fovit
1219 4816 1364 4889 chnocas
1380 4819 1483 4889 Apollo
1501 4817 1551 4873 aa
1569 4816 1667 4883 antis,

932 4900 999 4957 Gom
1017 4909 1127 4974 caperet
1144 4902 1254 4960 Clarias
1271 4920 1307 4961 sa
1327 4905 1460 4961 Helicone
1476 4904 1556 4961 cados.

513 5116 541 5185 1)
559 5113 661 5170 Munus
677 5112 841 5184 professoris
857 5112 970 5170 moralis
985 5111 1178 5183 philosophiae
1194 5128 1256 5169 sum
1273 5111 1375 5169 adiisse
1392 5128 1417 5169 a
1437 5114 1518 5184 1536,
1535 5111 1635 5169 Album
1653 5109 1731 5168 acad
1749 5108 1836 5165 docot

512 5201 542 5270 2)
559 5199 685 5269 Nigidius
703 5200 729 5257 d
746 5200 786 5272 X,
806 5199 939 5256 Pistorius
957 5199 982 5255 d
1001 5198 1070 5255 XIII
1088 5199 1147 5256 Oct
1165 5199 1257 5260 latet

512 5285 542 5356 3)
560 5286 606 5341 Sic
623 5286 694 5353 Dil.;
712 5286 833 5343 columae
848 5284 956 5342 videtur
972 5286 1069 5343 scates

510 5373 541 5442 4)
559 5371 653 5441 Imago
669 5370 882 5441 Philoospsilse.
1167 5429 1174 5449 ,

509 5459 540 5528 6)
559 5457 619 5514 Hoc
637 5473 662 5516 a
680 5458 747 5514 1546
763 5458 864 5515 lactum
881 5470 942 5514 osso
960 5461 1116 5527 promotore
1131 5456 1176 5516 Jo.
1192 5456 1389 5530 Oldendorpio,
1406 5456 1530 5515 Strisdsr
1548 5457 1576 5530 I,
1593 5472 1621 5528 p.
1638 5459 1688 5514 186
1704 5470 1740 5514 ox
1755 5453 1854 5513 Amat
1872 5450 1950 5512 acad
1967 5456 2044 5508 recte
2061 5450 2147 5509 uffart

511 5546 541 5614 6)
558 5544 669 5614 Nigidio
686 5549 758 5601 testa
778 5543 804 5600 d.
822 5542 876 5599 XX
892 5541 1000 5600 Martii
