5409 7267
862 1145 972 1199 Interea
988 1150 1099 1200 uestros
1116 1144 1192 1199 illius
1209 1150 1295 1199 morte
1308 1144 1423 1213 furores

897 1229 998 1285 Pieatit
1015 1235 1041 1284 et
1058 1230 1185 1299 iupratas
1203 1236 1286 1285 autor
1302 1228 1405 1286 ademit
1422 1246 1495 1300 opes.

861 1314 988 1369 Invidiae
1002 1314 1118 1384 placida
1135 1316 1292 1371 adtractus
1311 1323 1397 1370 morte
1421 1316 1571 1386 Vipaudus,

896 1400 1014 1468 Irtiustis
1032 1400 1105 1455 odiis
1122 1416 1155 1455 ue
1172 1403 1316 1467 crucietur,
1335 1401 1399 1456 obit.

863 1485 937 1555 Quot
948 1492 1038 1540 toueu
1055 1488 1168 1552 interea,
1185 1493 1253 1554 quot
1270 1488 1373 1541 inertia
1390 1486 1476 1541 corda
1490 1501 1637 1554 amarum,

897 1572 972 1641 Quos
986 1573 1103 1641 pacata
1118 1572 1209 1638 uiuis,
1222 1572 1337 1642 publica
1353 1572 1446 1640 ulpia
1463 1572 1590 1628 morast?

861 1656 951 1711 Sensit
968 1664 994 1712 et
1010 1657 1124 1729 iudipuo
1140 1657 1372 1728 pausatura
1390 1656 1485 1714 dolore

897 1742 983 1798 Tacta
1001 1744 1065 1798 tulit
1080 1746 1151 1799 tanti
1167 1760 1224 1799 uou
1240 1744 1304 1799 bcue
1317 1743 1386 1813 sata
1403 1745 1465 1799 oiri.

862 1827 935 1897 erid
951 1829 1038 1898 ipitur
1056 1836 1118 1901 tyro
1135 1830 1236 1886 cnidiis
1252 1829 1407 1886 incumbis?
1432 1837 1459 1886 et
1475 1831 1560 1885 horas

895 1912 1031 1969 (duranum
1048 1931 1151 1971 uacuas
1167 1932 1224 1972 uou
1241 1918 1311 1972 siais
1327 1918 1369 1971 ire
1387 1914 1471 1970 tuas?

861 1998 934 2067 Quin
946 1999 1055 2054 tandm
1065 2003 1091 2066 ¹)
1102 2002 1224 2056 Domiuo
1240 2002 1386 2070 Musisque
1391 2001 1559 2070 formatus,
1577 2003 1637 2055 acri

893 2083 987 2140 Altius
1004 2084 1112 2141 inuidia
1131 2087 1205 2142 tollis
1220 2089 1251 2141 iu
1268 2093 1346 2143 astra
1363 2086 1470 2156 caput?

860 2167 974 2225 Caetera
990 2186 1065 2226 mors
1080 2173 1203 2241 perimit,
1227 2180 1319 2227 mouet
1334 2173 1413 2227 iuria
1429 2172 1522 2241 picria
1537 2172 1636 2225 marti:

893 2254 959 2310 Noa
975 2257 1053 2322 hauc,
1072 2274 1128 2312 uon
1145 2259 1266 2313 animam
1283 2259 1326 2314 oie
1344 2257 1497 2314 amimea
1514 2261 1599 2312 uetat

938 2590 1125 2658 Henricus
1154 2593 1313 2659 orthius
1342 2594 1551 2660 Calornius.

496 2800 677 2865 Naturalcm
691 2799 921 2882 Philosophiam
942 2820 960 2867 e
981 2802 1150 2869 reconditis
1172 2809 1269 2887 atqua
1290 2803 1408 2870 abditis
1429 2803 1569 2869 fontibus
1589 2801 1734 2866 haustam
1755 2801 1839 2864 iuter
1854 2796 2113 2879 Philosophorum

372 2897 522 2963 subsellia
545 2899 693 2964 tractavit
712 2900 858 2982 primum,
881 2918 979 2982 eoque
996 2902 1030 2967 in
1050 2921 1181 2968 munere
1202 2905 1390 2970 constitutus
1411 2903 1521 2985 primo,
1542 2902 1595 2983 qui
1616 2900 1729 2966 studiis
1751 2898 1864 2964 deferri
1885 2897 1976 2979 solet,
1998 2895 2114 2961 honore

372 2996 542 3077 impertivit
560 2997 792 3081 Friderieum²)
819 3000 1004 3066 Reisnerum
1025 3000 1321 3070 Mathematicorum
1354 3003 1387 3068 in
1409 3001 1538 3084 Europa
1559 2997 1748 3080 principem,
1769 2996 1984 3062 Professorem
2004 2999 2114 3078 postca

370 3094 579 3161 Parisiensem
599 3097 740 3178 Regium,
760 3098 851 3163 Rami
873 3105 1119 3183 praeceptorem,
1139 3119 1177 3167 ac
1191 3102 1319 3168 Petrum
1336 3100 1500 3183 Paganum
1522 3115 1606 3164 anuo
1619 3095 1709 3161 MDL
1723 3094 1839 3161 Martio
1852 3093 1977 3175 XIV⁸).
2021 3092 2114 3158 Anno

371 3192 440 3258 dein
469 3193 676 3276 MDLXVI⁴J
705 3197 738 3261 in
764 3198 872 3278 agnati
900 3199 948 3264 sui
974 3198 1120 3281 Wigandi
1149 3200 1254 3267 Orthii
1288 3200 1389 3266 locum
1424 3201 1610 3280 surrogatus
1640 3212 1732 3262 omne
1761 3194 1903 3260 studium
1930 3192 1972 3258 ad
2007 3208 2114 3257 sacras

370 3291 478 3358 literas
509 3293 721 3375 impetrandas
753 3295 910 3377 traduxit,
938 3298 1214 3382 stipendiariisque
1239 3298 1394 3382 praefuit,
1423 3297 1523 3362 donec
1548 3312 1630 3360 anno
1659 3292 1879 3374 alhhxxvo
1907 3290 1995 3357 Junii
2023 3289 2114 3355 XXII

370 3392 468 3457 vitam
488 3410 556 3457 sum
578 3400 681 3457 morte
703 3396 907 3460 commutavit
921 3396 953 3460 in
974 3397 1150 3478 parochiali
1169 3398 1286 3478 templo
1308 3397 1350 3461 ad
1372 3395 1527 3460 tumulum
1542 3394 1641 3460 soceri
1654 3391 1766 3457 Adami
1779 3390 1903 3471 chetii
1914 3389 1944 3470 ⁸)
1965 3388 2113 3471 sepultus,

369 3490 456 3570 ouJus
478 3491 511 3555 in
530 3489 633 3556 locum
656 3494 806 3557 successit
821 3492 932 3557 Daniel
948 3493 1140 3578 hrculmius,
1162 3514 1199 3561 ac
1220 3493 1409 3560 honorificae
1426 3492 1577 3557 mentioni
1596 3489 1674 3556 haec
1690 3488 1812 3553 addidit
1825 3486 1969 3567 Nigidius
1984 3486 2111 3552 Senior:

853 3591 909 3645 Hic
926 3591 1060 3660 Ephorus
1076 3593 1177 3647 maritos
1194 3592 1324 3647 tolerout
1342 3605 1424 3660 saepe
1441 3590 1555 3656 labores

887 3676 962 3745 Quos
980 3677 1044 3732 tulit
1061 3677 1199 3747 infractus
1217 3676 1311 3733 taedia
1327 3676 1416 3731 multa
1431 3675 1535 3745 suuis.

850 3761 990 3830 Interpres
1008 3761 1110 3817 Sacrae
1129 3761 1290 3831 Scripturas
1298 3759 1378 3830 fidus
1395 3762 1502 3816 amarit

885 3843 1004 3915 spaera
1015 3848 1041 3915 7)
1054 3861 1127 3916 pure
1145 3845 1253 3902 tradem
1271 3861 1393 3917 quaeque
1409 3845 1500 3902 modo.

850 3933 877 3986 A
897 3930 1002 3986 dumeti
1018 3932 1171 3988 ducturos
1187 3933 1286 3989 solitus
1302 3931 1437 4002 depellere
1455 3931 1529 4001 ouili,

884 4018 920 4071 Iu
937 4033 1033 4072 saevos
1049 4019 1126 4073 acuit
1141 4019 1251 4088 spicula
1269 4016 1334 4072 dira
1352 4017 1441 4088 lupos.

853 4101 972 4157 Tandem
990 4118 1154 4158 aemmaosa
1168 4109 1315 4173 pertaesus
1333 4104 1430 4158 munia
1446 4103 1520 4158 ritae

885 4187 983 4243 Incola
1002 4188 1123 4244 eoelestis
1140 4189 1240 4244 maluit
1257 4204 1313 4245 esse
1328 4188 1439 4259 piapae.

850 4272 989 4342 Deposuit
1006 4288 1115 4343 corpus,
1133 4272 1182 4330 sed
1198 4274 1266 4329 iuer
1281 4274 1399 4344 spirim
1415 4274 1500 4329 aruir

883 4358 1025 4413 demersis
1037 4358 1151 4428 saritur
1162 4360 1362 4430 perpetuisque
1376 4358 1461 4415 horda

471 4609 498 4677 1)
515 4606 611 4663 Tilem
630 4605 747 4671 laudea,
766 4606 839 4661 siam
855 4603 929 4661 haud
947 4621 1010 4661 raro
1028 4606 1140 4663 Dilichii
1157 4608 1241 4665 verba
1257 4607 1427 4678 negligenter
1445 4606 1589 4678 expressit

469 4695 498 4763 2)
515 4692 604 4749 Locus
620 4692 709 4748 manis
727 4691 859 4755 inanima

468 4781 498 4848 8)
516 4780 559 4834 Ex
575 4776 727 4833 Annalibus
746 4776 796 4833 fac.
815 4776 914 4847 philos.
935 4775 979 4833 dio
996 4776 1089 4832 XXIV
1106 4776 1199 4833 hlartii
1216 4778 1270 4833 hoc
1286 4777 1387 4834 nomm
1404 4792 1465 4834 erse
1482 4774 1576 4832 docuit
1592 4775 1689 4832 Tilem.

467 4865 497 4935 4)
516 4864 561 4920 Sic
584 4870 736 4919 correctum
755 4868 845 4919 exsut
861 4863 966 4918 numeri
983 4863 1087 4933 signnm
1106 4863 1136 4918 in
1153 4862 1213 4919 cod
1229 4879 1282 4932 pro
1299 4863 1427 4933 MDLVI,
1446 4861 1520 4933 quod
1540 4861 1663 4930 aprima
1679 4878 1760 4918 manu
1778 4864 1909 4932 scriptum
1926 4869 1986 4920 ota
2004 4863 2101 4920 Tilem.

365 4968 426 5007 cum
443 4960 508 5007 nota
524 4950 624 5005 erroris
641 4954 783 5018 receptum
801 4954 852 5004 est
870 4948 966 5005 Tilcm.
984 4948 1013 5004 in
1029 4949 1087 5004 rita
1103 4947 1187 5004 Hom.
1203 4948 1291 5004 onhii
1310 4963 1373 5005 ase
1391 4948 1546 5019 comoripta
1564 4947 1634 5004 iulso
1652 4964 1676 5007 a
1697 4950 1764 5004 1565
1781 4947 1899 5004 exhibet.

466 5037 496 5105 5)
515 5036 575 5091 Hoc
593 5035 677 5091 voluit
694 5035 757 5104 Dil,
775 5034 918 5090 manifesto
938 5049 1030 5090 errore
1047 5033 1157 5105 scripsit
1174 5032 1312 5091 uotxv.
1373 5064 1375 5070 ,

466 5122 495 5190 6)
514 5120 565 5188 Qui
583 5121 744 5190 plerumque
764 5119 856 5186 Orata,
873 5120 985 5189 proprio
1005 5119 1097 5190 Orafft
1113 5120 1310 5190 appellabatur.
1413 5182 1416 5188 ,

468 5208 497 5274 7)
514 5207 560 5263 Sic
577 5206 713 5263 Dilichiuu
730 5223 792 5263 cam
809 5206 870 5275 ipso
886 5205 1004 5275 Nigidio.
