5409 7267
1088 1131 1341 1215 Hieronymus
1370 1130 1595 1199 Treutlerus

576 1286 787 1353 Suiduiceusis
802 1286 931 1353 Silesius
949 1304 1045 1368 quum
1067 1305 1262 1370 nequaquam
1275 1288 1408 1369 elinguis
1424 1287 1512 1354 Juris
1527 1286 1635 1355 Civilis
1652 1285 1859 1368 intelligentia
1876 1289 1910 1350 11
1927 1284 2011 1348 omui
2031 1282 2217 1366 prudentiae

480 1406 591 1469 genere
620 1391 812 1469 praestaret,
840 1404 923 1451 auno
944 1386 1063 1453 Muxe
1084 1386 1230 1452 Ianuarii
1249 1388 1353 1454 XXIX
1378 1388 1536 1471 publicum
1565 1386 1748 1453 eruditionis
1773 1386 1805 1450 in
1827 1383 1867 1450 U.
1890 1382 1924 1449 J.
1944 1402 1965 1449 a
1984 1383 2108 1466 Vigeho
2134 1386 2218 1467 cepit

480 1488 692 1553 testimouium
715 1491 747 1551 et
767 1486 920 1568 lauream,
949 1491 1043 1567 atque
1062 1487 1171 1552 eodem
1192 1505 1275 1553 anuo
1292 1490 1329 1570 ¹),
1350 1506 1445 1570 quum
1466 1486 1628 1567 Philippus
1648 1484 1828 1551 Matthaeus
1854 1483 2028 1565 provincia,
2062 1500 2158 1565 quam
2184 1484 2217 1549 in

480 1586 600 1651 dicendi
620 1592 688 1651 arte
708 1586 891 1668 explicanda
911 1587 1121 1667 sustinuerat,
1152 1586 1332 1669 decederet,
1363 1589 1395 1652 iu
1423 1587 1503 1651 huuc
1527 1585 1663 1650 muneris
1690 1584 1806 1666 publici
1825 1588 1948 1665 partem
1970 1588 2038 1648 toto
2058 1584 2165 1651 111111
2185 1590 2219 1650 11

481 1688 565 1751 omui
585 1687 688 1751 studio
707 1686 862 1768 incubuit,
889 1691 924 1751 11
944 1687 1011 1769 eius
1031 1686 1227 1768 potissimum
1237 1686 1268 1768 ²)
1296 1704 1393 1768 opera
1416 1689 1603 1768 appareret,
1624 1690 1772 1766 quautam
1793 1684 1856 1748 vim
1877 1683 1994 1749 habeat
2014 1690 2168 1777 accurata
2185 1689 2218 1750 et

480 1786 563 1850 faeta
583 1786 719 1866 quodam
739 1786 829 1850 modo
849 1787 958 1851 oratio.
1000 1784 1061 1851 Sed
1074 1785 1199 1851 biennio
1215 1791 1289 1867 post
1301 1785 1403 1852 locum
1414 1785 1549 1851 mutavit
1562 1783 1642 1865 ad³)
1662 1801 1774 1849 munus
1789 1782 1913 1864 Spndici
1927 1783 2014 1848 urbis
2027 1783 2218 1849 Budissiuae

481 1887 512 1949 in
529 1885 641 1950 Silesia
656 1891 763 1966 partes
778 1886 976 1967 peragendas
992 1891 1149 1964 evocatus,
1172 1886 1314 1967 quamvis
1326 1904 1383 1951 uec
1397 1885 1461 1950 illie
1475 1886 1528 1950 diu
1541 1884 1707 1949 admodum
1721 1883 1910 1949 substiterit.
1946 1883 2027 1947 Nam
2042 1883 2218 1965 Imperator

480 1985 582 2049 virum
594 1986 769 2050 abundanti
783 1986 927 2051 doctrina
946 1991 979 2050 et
999 1985 1173 2050 incredibili
1188 1984 1325 2066 quadam
1341 1986 1496 2050 uarietate
1518 1990 1614 2067 atque
1630 1984 1719 2065 copia
1740 1985 1773 2047 11
1793 1982 2017 2064 perspiciendis
2038 1981 2216 2048 rationibus

480 2085 716 2150 constituendae
744 2092 777 2150 et
800 2085 954 2166 regendae
975 2086 1105 2167 Reipub.
1127 2084 1367 2151 oculatissimum
1395 2084 1536 2150 maximis
1563 2083 1731 2166 propositis
1759 2083 1906 2163 praemiis
1935 2083 1983 2148 vel
2012 2082 2053 2147 ad
2081 2085 2217 2163 gratiam

480 2185 529 2248 vel
549 2185 590 2248 ad
611 2204 684 2266 opes
705 2186 754 2250 vel
775 2186 816 2250 ad
837 2186 1032 2267 dignitatern,
1054 2190 1089 2250 ut
1104 2185 1270 2250 consiliarii
1284 2185 1386 2250 obiret
1399 2202 1520 2266 munus,
1541 2184 1708 2249 invitatum
1722 2190 1754 2247 et
1772 2182 1945 2248 nobilitatis
1961 2183 2032 2264 jure
2053 2181 2216 2261 donatum,

479 2285 613 2366 primum
635 2303 674 2349 11
694 2287 783 2350 noris
804 2286 992 2368 1111111111,
1020 2286 1074 2367 qui
1095 2285 1129 2350 id
1150 2285 1245 2352 decus
1264 2285 1439 2350 eruditione
1464 2288 1722 2366 promeruerunt,
1749 2282 1939 2362 amplIssImo
1960 2281 2079 2347 honore
2100 2281 2215 2347 affecit.

482 2384 648 2449 Caeterum
675 2390 827 2465 quantum
854 2386 978 2466 iugenio
1005 2385 1141 2450 valuerit
1169 2390 1202 2452 et
1231 2385 1351 2464 studio,
1379 2385 1572 2450 constituere
1598 2383 1723 2464 poterit
1752 2381 1900 2462 quilibet,
1927 2381 1953 2445 si
1982 2383 2218 2463 disputationes

481 2506 497 2549 1
517 2485 729 2565 justinianeus
752 2485 1012 2550 institutionibus
1039 2484 1273 2549 accuratissime
1302 2483 1495 2565 conscriptas
1522 2490 1555 2550 et
1582 2484 1730 2567 81111111
1754 2483 1958 2547 eretorienm
1985 2482 2017 2545 in
2045 2482 2216 2546 Academia

479 2583 697 2664 Marpurgeusi
723 2584 916 2664 eloquentiae
944 2585 1090 2649 studiosis
1119 2586 1327 2666 propositum,
1357 2601 1395 2648 11
1413 2583 1612 2664 postmodum
1642 2582 1773 2647 aliorum
1795 2599 1891 2662 opera
1914 2582 2031 2646 editum
2054 2582 2105 2647 vel
2124 2582 2218 2662 hrcle,

480 2684 561 2764 quod
575 2684 672 2765 ajunt,
693 2683 789 2748 oeulis
805 2685 1033 2765 introspexerit.
1075 2684 1157 2750 Nam
1169 2684 1241 2750 hine
1255 2684 1382 2750 velutie
1399 2683 1575 2766 crepundiis
1598 2687 1631 2748 11
1649 2699 1751 2748 naevo
1772 2681 1886 2764 aliquo,
1909 2700 1970 2746 nou
1991 2699 2065 2747 rere
2085 2699 2215 2763 eorpme

481 2784 580 2864 omui,
604 2783 758 2848 homiuem
779 2801 965 2865 cognoscere
986 2782 1145 2867 licebit⁴).

1053 3029 1286 3094 llermanuus
1309 3028 1447 3093 Petrus
1468 3027 1647 3108 Nigidius

580 3180 812 3262 Mar-purgensis
836 3181 926 3246 111.
954 3183 1087 3263 adeptus
1116 3180 1248 3247 honores
1278 3200 1414 3247 summos
1445 3183 1535 3246 Auno
1557 3179 1677 3246 MDXC
1705 3180 1848 3246 Ianuarii
1868 3180 1973 3245 XXIX
1999 3181 2032 3245 11
2061 3180 2217 3246 Τ11111111

481 3279 583 3345 locum
604 3282 635 3344 in
657 3280 798 3345 Silesiam
820 3281 964 3347 abeuntis
990 3287 1154 3363 cooptatus
1182 3282 1390 3363 eloquentiam
1416 3280 1571 3362 probabili
1594 3281 1750 3345 industria
1770 3281 1894 3361 docuit,
1924 3280 1971 3345 bis
1991 3281 2154 3361 Decorus,
2182 3287 2215 3345 11

481 3379 609 3443 taudem
629 3380 727 3444 etiarn
742 3381 866 3461 Syudici
886 3386 992 3462 partes
1014 3400 1095 3447 auno
1110 3380 1210 3447 hclv
1228 3380 1367 3446 clavibus
1388 3380 1516 3445 traditis
1536 3382 1618 3446 11111
1636 3382 1743 3463 jussus
1755 3379 1793 3462 ⁸).
1836 3380 1898 3445 Sed
1919 3381 2000 3444 euim
2017 3399 2112 3461 quum
2128 3388 2215 3461 post·

480 3478 607 3544 modum
635 3498 717 3545 auno
746 3479 863 3545 DCIlX
891 3479 1073 3562 festivitati,
1109 3498 1172 3562 qua
1199 3499 1281 3547 nora
1306 3480 1482 3546 Giesseusis
1512 3480 1678 3546 Academia
1712 3480 1976 3560 inaugurabatur,
2013 3479 2217 3560 interfuisset,

480 3578 628 3660 Princeps
641 3579 824 3660 indignatus
838 3578 968 3646 eundem
983 3598 1003 3644 a
1017 3598 1146 3645 munere
1163 3584 1197 3646 et
1211 3581 1345 3663 negotiis
1357 3579 1549 3646 Academicis
1564 3581 1705 3645 remouit.
1726 3579 1864 3673 Ideoque
1878 3579 1972 3661 paulo
1987 3585 2062 3661 post
2072 3579 2215 3646 Giessam

479 3678 639 3760 profectus
660 3679 782 3760 aliquot
802 3697 899 3745 anuos
920 3679 991 3745 istic
1010 3680 1043 3745 11
1065 3680 1204 3746 docendo
1225 3699 1353 3763 operam
1374 3680 1495 3761 posuit,
1520 3684 1553 3744 11
1574 3686 1709 3746 naturae
1730 3678 1859 3745 11111111
1875 3680 2030 3745 concessit
2048 3678 2166 3746 ibidem
2177 3681 2215 3762 ⁸).

1083 3883 1384 3967 christophorus
1409 3884 1609 3951 Oramerus

578 4013 772 4081 Allendorffii
798 4015 831 4081 iu
852 4014 967 4083 Salinis
995 4020 1090 4082 natus
1115 4016 1224 4083 multis
1251 4016 1350 4083 literis
1375 4017 1475 4100 iisque
1503 4017 1670 4083 reconditis
1700 4022 1733 4083 et
1762 4017 1923 4101 exquisitis
1947 4037 2028 4083 anuo
2046 4016 2216 4085 MDXC-Ill

480 4118 587 4196 partes
621 4115 747 4196 liuguae
772 4116 913 4182 Graecae
949 4116 1204 4198 interpretandae
1235 4117 1295 4182 sibi
1329 4118 1477 4200 sumpsit,
1515 4136 1613 4199 quum
1642 4116 1828 4199 Gualperius
1857 4118 2029 4200 llarpurgo
2057 4118 2215 4184 Lubecam

481 4214 695 4295 demigrasset.
738 4215 798 4281 Sed
812 4216 863 4279 vix
880 4215 1003 4280 bieuuio
1023 4216 1139 4298 elapso,
1159 4234 1255 4297 quum
1276 4217 1309 4281 in
1330 4236 1494 4282 numerum
1509 4217 1777 4299 Theologorum')
1799 4236 1860 4283 uon
1879 4219 1925 4283 ita
1944 4217 2064 4299 pridem
2083 4218 2215 4284 allectus

480 4313 607 4396 luisset,
638 4314 817 4396 dysenteria
844 4321 1006 4396 correptus
1034 4320 1066 4380 ct
1094 4314 1200 4381 aDeo
1222 4315 1294 4398 Opt.
1321 4316 1405 4381 Man.
1434 4335 1504 4382 cum
1531 4318 1660 4400 conjuge
1691 4335 1709 4382 e
1735 4317 1802 4383 vita
1829 4324 1979 4400 tauquam
2007 4319 2155 4383 custodia
2184 4325 2217 4383 et

479 4413 610 4480 uinculis
624 4422 779 4496 evocatus,
801 4415 834 4480 11
855 4419 1016 4479 aeternam
1036 4418 1067 4479 et
1088 4414 1180 4496 plane
1201 4421 1342 4480 nostram
1364 4416 1396 4481 11
1418 4415 1545 4481 domurn
1567 4418 1726 4498 remigrat,
1747 4417 1796 4483 vir
1813 4419 1955 4484 omnibus
1974 4420 2068 4484 rebus
2084 4429 2215 4484 ornatus

482 4518 514 4578 11
535 4513 676 4594 elegans,
696 4513 749 4595 qui
771 4514 887 4578 nemini
908 4514 934 4579 si
955 4514 1004 4578 vel
1024 4514 1179 4595 ingenium
1197 4514 1246 4580 vel
1266 4514 1473 4582 eruditionem
1493 4520 1615 4598 spectes
1634 4534 1780 4583 cessurus
1802 4517 1983 4600 ridebatur,
2005 4518 2098 4585 modo
2115 4518 2214 4585 eidem

482 4610 685 4678 diuturnioris
703 4613 787 4678 vitae
807 4612 990 4694 contigisset
1008 4631 1114 4679 usura.
1156 4613 1274 4679 Verum

816 4711 923 4778 Mista
943 4733 1052 4778 senum
1073 4733 1111 4779 uc
1124 4714 1280 4796 juvenum
1300 4714 1477 4780 demantur
1489 4715 1629 4799 suniero,
1650 4715 1775 4781 1111111
1788 4720 1816 4791 ⁸)

859 4812 961 4877 Saena
983 4819 1079 4894 caput
1098 4813 1299 4895 Proserpina
1315 4814 1412 4897 fugit.

580 4961 608 5029 l)
626 4960 710 5014 Immo
732 4960 758 5016 d.
780 4960 834 5014 XII
852 4958 919 5029 Maji
945 4963 1051 5015 11191
1075 4963 1222 5017 secundum
1242 4960 1343 5016 Album
1366 4958 1443 5017 acad.
1461 4990 1495 5000 -
1510 4960 1555 5015 Tr.
1574 4960 1700 5017 discessit
1715 4962 1771 5018 Cal.
1789 4963 1851 5019 Jau.
1870 4979 1895 5018 a.
1916 4966 1996 5034 1594,
2020 4964 2114 5020 Herm.
2134 4962 2214 5021 Petro

481 5046 590 5116 Nigidio
607 5048 636 5101 11
653 5048 713 5115 ejus
729 5046 819 5100 locum
836 5045 958 5101 suffecto.

580 5135 609 5203 2)
625 5132 718 5199 Imago
735 5132 877 5187 Treutleri.
988 5136 1017 5201 3)
1036 5133 1100 5189 eod
1119 5151 1152 5189 ce
1168 5135 1311 5190 manifesto
1330 5149 1431 5189 errore.

578 5220 609 5289 4)
626 5217 752 5273 Mortuus
772 5226 814 5273 est
830 5218 964 5274 Budissae
981 5235 1005 5275 a.
1025 5224 1104 5292 1607,
1123 5220 1387 5291 quadragintorum
1405 5236 1490 5276 aunon
1507 5227 1595 5276 uatus.

579 5307 608 5374 1)
626 5305 718 5373 Imago
736 5305 846 5374 Nigidii.

580 5392 608 5456 6)
626 5390 750 5447 Mortuus
763 5398 805 5446 est
815 5392 985 5447 Hermaunus
997 5390 1094 5447 Petrus
1106 5390 1237 5461 Nigidius
1251 5392 1326 5447 Petri
1333 5394 1450 5463 junioris
1458 5393 1539 5460 filius,
1555 5395 1673 5451 Pistorio
1687 5400 1758 5450 teste
1769 5394 1883 5451 Giessae
1896 5393 1922 5450 d.
1934 5389 2056 5449 XXVIII
2065 5391 2128 5449 111.
2140 5396 2212 5449 1616.

580 5478 610 5545 7)
628 5476 717 5542 Quare
734 5478 934 5546 ‘theologorum
951 5478 1014 5533 ritis
1031 5493 1049 5533 a
1066 5478 1224 5534 Tilemanuo
1243 5478 1362 5535 11111111
1379 5485 1424 5536 111
1439 5495 1468 5550 p.
1488 5483 1547 5535 171.

580 5563 610 5632 8)
629 5562 720 5632 Imago
739 5563 866 5621 crimen.
