5409 7267
1975 973 2043 1046 105

309 1159 477 1242 spectabat
496 1159 634 1226 virorum
655 1157 748 1225 isthic
768 1159 1015 1227 doctissimorum
1036 1165 1070 1227 et
1091 1160 1172 1226 artis
1193 1160 1286 1242 iius,
1304 1165 1340 1227 nt
1360 1158 1422 1225 illio
1441 1157 1474 1224 in
1496 1158 1570 1224 locis
1591 1158 1657 1226 iere
1676 1163 1769 1242 sunt,
1788 1161 2045 1243 peritissimorum

307 1260 536 1342 suffragatione
557 1263 590 1325 ct
610 1276 705 1340 opera
725 1265 950 1341 consequutus,
981 1266 1018 1326 ut
1038 1259 1185 1326 Doctoris
1211 1260 1305 1326 titulo
1327 1265 1361 1326 et
1382 1258 1505 1325 nomine
1526 1258 1642 1325 ibidem
1662 1264 1848 1343 ornaretur,
1878 1261 2044 1331 Brunovici

309 1361 485 1427 studiomm
505 1358 764 1439 fortunarumque
786 1358 891 1425 sedem
910 1378 1007 1426 uxore
1035 1358 1129 1426 isthic
1151 1360 1246 1426 ducta
1267 1359 1418 1428 collocare
1446 1363 1621 1442 artemque,
1646 1376 1739 1442 quam
1769 1361 1874 1427 multis
1896 1361 2045 1444 impensis

308 1467 342 1528 et
363 1460 472 1527 labore
493 1458 664 1540 didicerat,
692 1476 731 1524 ca
750 1458 820 1540 ipsa
839 1459 873 1523 in
892 1459 971 1525 urbe
992 1477 1136 1526 exercere
1162 1459 1270 1526 voluit.
1320 1459 1462 1525 Tandem
1488 1476 1571 1523 anno
1593 1458 1713 1525 MDLV
1733 1459 1783 1525 die
1803 1459 1833 1525 V
1852 1460 1942 1528 Junii
1968 1462 2046 1529 obiit

308 1560 411 1628 bbcllo
433 1559 472 1626 de
492 1559 633 1625 sanitate
655 1558 773 1625 tuenda
792 1557 876 1624 edito
890 1559 934 1641 ¹),
955 1558 1009 1640 qui
1029 1559 1199 1625 etiamnum
1218 1559 1351 1639 illorum,
1372 1576 1451 1640 quos
1465 1557 1655 1624 valetudinis
1676 1558 1780 1639 tangit
1798 1576 1882 1642 cura,
1901 1562 2045 1629 manibus

308 1660 432 1727 teritur.
475 1657 608 1739 Scripsit
635 1658 730 1739 ctiam
758 1659 790 1723 in
818 1676 907 1724 usum
936 1658 1113 1724 scholarum
1139 1658 1307 1724 trivialium
1328 1658 1582 1725 Grammaticom
1603 1658 1762 1724 Graecam
1786 1677 1849 1724 non
1875 1660 1907 1725 in
1934 1666 2046 1728 nostra

308 1758 400 1825 modo
430 1758 617 1841 Gymnasia,
652 1775 759 1823 verum
785 1762 895 1839 postea
929 1776 1051 1840 quoque
1077 1757 1281 1824 finitimorum
1314 1762 1481 1839 receptam.
1535 1758 1658 1823 Prodiit
1692 1758 1786 1822 etiam
1814 1758 1882 1839 ipso
1913 1758 2046 1826 authore

308 1863 464 1925 tractatus
484 1858 523 1924 de
542 1858 705 1923 erroribus
726 1864 821 1939 atque
843 1857 1011 1938 abusibus,
1026 1864 1163 1939 propter
1181 1878 1261 1940 quos
1279 1858 1437 1923 medicina
1456 1858 1635 1941 infamata,
1657 1856 1843 1939 prodierunt
1863 1863 1897 1925 ct
1915 1859 2044 1926 Psalmi

310 1959 454 2025 Decidio
475 1958 600 2040 aliquot
620 1956 749 2023 Graccis
771 1956 914 2022 versibus
935 1956 1067 2038 redditi,
1087 1962 1314 2038 servanturque
1336 1956 1464 2022 consilia
1485 1957 1581 2039 ipsius
1602 1955 1723 2021 medica
1734 1955 1777 2039 ²).

924 2216 925 2220 ¹
959 2232 1144 2299 Nicotaus
1167 2230 1395 2298 Blcchlerus

406 2387 494 2455 Alias
520 2386 711 2470 miscuere,
741 2386 990 2455 Smalcaldianus
1023 2388 1157 2470 primum
1187 2406 1353 2470 puerorum
1387 2388 1518 2453 mentcis
1545 2387 1588 2453 ad
1615 2385 1842 2454 humanitatem
1870 2389 2045 2458 effinxisset

311 2492 407 2570 atque
426 2487 583 2553 virtutem.
626 2489 669 2553 nt
698 2489 780 2553 enim
808 2505 905 2570 quum
933 2492 1063 2570 propter
1089 2488 1303 2570 prudentiam,
1340 2505 1468 2553 acumen
1496 2491 1530 2551 ct
1557 2486 1707 2552 scientiae
1734 2487 1832 2568 ipsius
1863 2491 2047 2557 varietatem

310 2593 406 2670 atque
427 2588 547 2669 copiam
567 2605 781 2670 quamcunque
811 2605 845 2652 sc
872 2588 905 2652 in
931 2596 1055 2668 partem
1084 2587 1240 2670 dedisset,
1266 2585 1358 2652 facilc
1384 2586 1491 2668 magni
1510 2585 1628 2667 aliquid
1647 2587 1857 2667 praestiturus
1876 2589 2046 2673 videretur,

309 2688 350 2752 ab
378 2687 464 2752 hisce
489 2686 619 2768 puerilis
647 2686 808 2752 doctrinae
837 2686 1035 2753 incunabulis
1071 2686 1112 2752 ad
1138 2687 1335 2769 jnventutem
1364 2686 1580 2752 Academicum
1615 2685 1840 2752 instituendam
1872 2688 2045 2773 haductus,

309 2804 422 2853 munus
450 2786 508 2851 hoc
534 2786 730 2869 aliquamdiu
758 2787 919 2851 accuravit
946 2793 979 2852 et
1011 2804 1093 2852 anno
1113 2785 1247 2851 MDLIV
1267 2784 1397 2867 Reipub.
1420 2785 1626 2851 Academicae
1656 2783 1776 2850 clavum
1803 2787 1922 2869 tenuit,
1952 2806 2047 2870 quum

310 2884 436 2951 biennio
455 2890 529 2952 ante
549 2886 667 2952 Decani
686 2884 869 2968 perfunctus
900 2892 986 2952 esset
1012 2904 1156 2967 munere,
1191 2886 1239 2951 vir
1259 2890 1421 2967 spectatae
1449 2890 1518 2950 tum
1541 2883 1741 2966 cruditionis,
1768 2889 1834 2950 tum
1854 2886 1983 2968 pictatis
2005 2889 2045 2956 ab

310 2990 381 3051 arbe
394 2985 515 3052 Medica
535 2994 565 3051 et
578 2985 810 3051 Mathematicis
832 2984 1002 3067 disciplinis
1023 2985 1201 3051 subtilitate
1221 2989 1254 3051 ct
1275 2986 1430 3050 varietate
1449 3002 1555 3050 rerum
1569 2982 1761 3049 admirandis
1775 2985 2045 3055 instructissimus.

310 3084 515 3151 Postmodum
537 3103 665 3167 operam
686 3101 775 3152 suam
799 3085 1028 3168 Suarcebnrgio
1056 3086 1160 3151 comiti
1179 3084 1315 3151 condixit
1334 3089 1431 3167 atquc
1451 3083 1641 3150 valetudinis
1663 3100 1769 3149 curam
1789 3102 1887 3151 annos
1908 3088 2046 3171 aliquam

309 3185 426 3252 multos
447 3185 568 3252 babuit.
610 3186 654 3251 At
673 3186 801 3252 tandem
822 3189 947 3251 mnata
969 3184 1045 3252 sede
1061 3203 1130 3252 sese
1149 3184 1282 3251 contulit
1296 3184 1487 3267 Erfurdiam,
1508 3182 1563 3248 ubi
1581 3176 1652 3249 eum
1666 3181 1853 3252 Medicinam
1866 3185 2047 3271 aliquandiu

310 3283 503 3367 facdtasset,
524 3292 620 3370 atque
639 3284 870 3370 philosophiam
891 3286 1045 3369 stipendio
1065 3286 1223 3352 docuisset
1239 3284 1378 3367 pubhco,
1401 3282 1476 3350 latis
1499 3281 1653 3350 concessit
1663 3284 1702 3362 ⁸).

944 3561 987 3626 M.
1014 3560 1200 3643 Casperus
1224 3558 1415 3641 Rudolpbi

410 3717 543 3783 Natione
563 3714 700 3797 Suevns,
724 3712 893 3781 canstadio
914 3716 1082 3797 oriundus,
1111 3715 1249 3781 moribus
1271 3715 1359 3780 initio
1376 3713 1554 3797 juventutis
1573 3713 1670 3795 paulo
1689 3713 1750 3781 fuit
1770 3713 1992 3782 difficilioribus
2002 3714 2046 3801 4).

315 3817 360 3882 ht
378 3834 452 3881 vero
473 3833 570 3897 quum
591 3815 791 3896 postmodum
815 3814 977 3881 literarum
997 3820 1030 3881 st
1053 3816 1234 3898 disciplinae
1256 3813 1343 3881 cultu
1364 3813 1516 3895 paulatim
1539 3812 1735 3879 emollescere
1753 3815 1907 3895 coepisset
1927 3816 2048 3883 animus

312 3922 407 3998 atquc
434 3914 537 3998 flecti,
563 3915 647 3980 inter
675 3915 792 3996 primos
821 3915 1008 3981 Academiae
1036 3915 1119 3981 illius
1139 3914 1344 3997 Philosopbos
1375 3913 1476 3979 locum
1495 3912 1627 3994 meruit,
1666 3911 1850 3979 Dialectices
1876 3919 1909 3980 et
1937 3916 2048 3997 organi

313 4014 496 4080 Aristotelci
516 4013 675 4097 professor
697 4018 794 4096 atque
806 4014 1002 4097 Paedagogei
1013 4015 1157 4097 Ephorus
1174 4014 1390 4099 pueritiaeque
1410 4030 1522 4078 censor
1541 4029 1690 4094 perquam
1712 4011 1840 4093 rigidus.
1884 4012 2049 4080 Caeterum

312 4117 434 4180 lecum
461 4131 542 4179 anno
564 4113 746 4178 MDXLIIX
773 4114 893 4179 abisset
920 4114 1141 4205 Fridbergam,
1171 4119 1336 4180 revocatus
1364 4112 1438 4178 inde
1465 4128 1592 4194 operam
1621 4127 1708 4175 suam
1735 4114 1768 4175 ct
1794 4112 1924 4179 andem
1950 4114 2049 4179 vitam

313 4212 413 4280 isthoc
433 4215 465 4278 in
486 4231 614 4279 munere
631 4217 664 4278 et
685 4213 958 4294 stipendiariorum
975 4214 1138 4296 Ephoratu
1158 4213 1377 4296 sexagenarius
1398 4211 1505 4295 posuit
1526 4227 1608 4275 anno
1625 4208 1778 4290 MDLXI,
1800 4227 1895 4291 quum
1916 4212 2050 4293 triginta

313 4331 412 4379 annos
438 4332 551 4379 munus
578 4312 858 4379 laboriosissimum
890 4314 1079 4380 erudiendae
1106 4314 1281 4398 juventutis
1313 4312 1345 4377 in
1380 4310 1601 4393 Paedagogeo,
1636 4308 1804 4374 Academia
1833 4314 1866 4375 et
1893 4309 2049 4378 Pomoerii

414 4461 441 4527 l)
459 4459 548 4514 Locus
566 4458 698 4527 imaginis.

412 4548 441 4613 2)
457 4545 500 4599 Ab
524 4544 579 4599 alia
603 4561 683 4599 manu
708 4560 794 4616 eaque
819 4545 903 4602 multo
928 4548 1079 4617 posteriore
1103 4547 1196 4604 addita
1218 4552 1281 4603 sunt
1304 4548 1373 4603 haec
1394 4547 1491 4603 verba:
1520 4547 1564 4600 De
1582 4561 1613 4601 eo
1632 4543 1780 4613 Nigidius·
1801 4545 1879 4613 cujus
1902 4560 1996 4599 versus
2021 4545 2048 4600 in

314 4631 430 4686 aliorum
447 4646 554 4702 quoque
572 4630 796 4700 philosophorum
814 4634 877 4689 vitis
894 4651 911 4689 a
928 4634 1046 4690 Dilichio
1064 4635 1164 4691 omissa
1178 4633 1274 4690 cadem
1290 4649 1386 4689 manns
1404 4631 1528 4688 addenda
1545 4646 1605 4687 csse
1624 4628 1759 4684 indicavit.

412 4717 442 4786 3)
459 4717 567 4785 Integra
589 4718 689 4786 pagina
711 4732 797 4773 vacua
825 4728 853 4773 et
878 4720 988 4789 imagini
1010 4726 1039 4775 et
1054 4720 1145 4790 elogio
1165 4718 1290 4777 addendo
1307 4720 1425 4790 spatium
1446 4717 1565 4788 reliquit.
1607 4715 1680 4769 Albo
1699 4713 1847 4782 inscriptus
1863 4721 1906 4769 est
1919 4715 2049 4772 Nicolaua

314 4801 439 4857 Blechler
452 4801 523 4856 Ludi
540 4803 688 4870 superioris
706 4803 833 4871 magister
851 4819 875 4860 a
897 4809 971 4862 1530.
1004 4806 1131 4875 Nigidius
1146 4822 1245 4863 mnam
1261 4808 1356 4863 mortis
1369 4806 1474 4875 omith’t,
1491 4803 1610 4860 sednon
1629 4801 1708 4857 obest
1719 4799 1838 4855 Pistorio
1859 4802 1922 4857 circ.
1940 4818 1962 4857 a.
1983 4804 2049 4858 lbbt

315 4902 377 4943 eum
391 4887 492 4943 obiisse
507 4886 637 4956 madenti,
655 4887 755 4943 adiisse
772 4889 808 4944 ad
825 4890 991 4947 academiam
1005 4907 1030 4948 a
1050 4895 1129 4964 15³8,
1145 4892 1232 4949 abiise
1247 4894 1283 4949 ad
1301 4893 1427 4950 comitam
1444 4890 1731 4957 Sahvmbmgensem
1749 4902 1771 4940 a,
1793 4885 1866 4943 1544.

414 4973 444 5041 4)
462 4972 538 5029 Haec
555 4972 666 5028 fluxisse
682 4973 807 5029 videntur
824 4991 840 5030 e
857 4976 958 5046 Nigidii
975 4978 1078 5034 verbis:

795 5062 923 5119 Moribus
938 5067 1065 5134 asperior
1083 5066 1240 5135 paucaeque
1258 5066 1289 5120 iu
1296 5065 1370 5135 flore
1381 5064 1522 5133 juventae,

829 5150 885 5206 Bes
898 5150 971 5206 scira
988 5153 1045 5205 est!
1054 5150 1152 5221 factu
1164 5150 1312 5221 postmodo
1328 5152 1404 5206 mim
1416 5149 1509 5208 'borea

796 5235 922 5306 Namque
938 5236 1023 5292 acida
1038 5237 1198 5293 asomum
1217 5236 1305 5292 dicim
1323 5238 1438 5293 maasia
1455 5238 1536 5309 serbi,

831 5323 956 5379 Mutavit
970 5338 1059 5379 morea
1075 5324 1106 5379 in
1118 5324 1225 5395 pietate
1237 5322 1324 5394 seros.
1410 5398 1412 5400 ι

313 5409 462 5467 Dilichium
479 5414 590 5466 secutam
607 5416 651 5467 est
668 5410 816 5479 hebenus,
841 5423 926 5477 equo
951 5407 1009 5465 solo
1035 5407 1117 5464 ducta
1139 5415 1202 5466 sunt
1226 5408 1354 5465 Joecheri
1374 5410 1458 5467 ambs
1480 5428 1534 5467 coa
1554 5428 1607 5483 par
1629 5413 1779 5470 οωιὼίιιι
1797 5410 1933 5467 Marthae.
1967 5408 2048 5465 Hand

313 5511 415 5565 pancas
436 5495 470 5552 dc
490 5511 524 5552 eo
546 5498 760 5553 narratiunculas
784 5495 912 5551 exhibent
930 5493 1065 5550 hislandri
1087 5495 1239 5551 Jocossria.
1273 5494 1527 5567 Paedngogiarcbac
1542 5515 1638 5555 munus
1654 5498 1722 5556 adiit
1744 5516 1770 5556 s.
1792 5498 1874 5568 1530,
1901 5513 1954 5569 quo
1974 5512 2046 5577 anno

314 5584 374 5652 eJus
392 5598 490 5638 nomen
508 5582 580 5638 Albo
599 5584 757 5652 inscriptum
774 5592 829 5653 est,
846 5581 1042 5651 professionem
1061 5580 1242 5638 academicam
1260 5598 1285 5640 a
1306 5585 1380 5640 1⁶³2.
