5409 7267
968 1168 1096 1224 Nesaee
1112 1144 1328 1224 eolitsatacitos
1345 1168 1483 1236 inquirere
1494 1168 1591 1238 sontes

1002 1254 1085 1312 Nasso
1102 1253 1185 1310 soluit
1200 1252 1300 1321 nodos,
1311 1254 1388 1323 salec
1407 1254 1550 1325 Sophiste,
1568 1261 1638 1311 tuoe

966 1339 1082 1395 Arlrbae
1099 1341 1143 1395 la's
1161 1337 1265 1394 Mum
1282 1346 1377 1396 nostro
1396 1341 1529 1397 Lorss'ccre
1548 1342 1658 1412 Lycaeo

1003 1425 1096 1481 Notus
1113 1441 1187 1494 aas,
1206 1425 1293 1481 onice
1309 1424 1403 1481 oioida
1415 1427 1513 1496 fornes
1531 1428 1579 1482 tsi.
1591 1427 1616 1496 1)

967 1513 1007 1568 At
1026 1528 1098 1567 nanc
1113 1513 1230 1583 pictoris
1248 1510 1312 1567 dam
1331 1518 1357 1567 tc
1374 1527 1472 1567 mnae
1489 1513 1598 1568 cabsbet
1614 1514 1682 1580 orbi,

1002 1599 1136 1654 Acoreus
1149 1598 1204 1668 fies
1219 1599 1313 1655 notior
1329 1615 1415 1668 aeqscc
1433 1599 1544 1671 plopae,

969 1685 1100 1742 Nobilior
1117 1685 1202 1741 ἀοιιοο
1218 1686 1315 1741 tollem
1333 1685 1456 1755 tesam
1472 1686 1522 1741 sab
1540 1701 1627 1740 omae

1004 1771 1161 1829 Gomtitw
1177 1772 1303 1828 celebrem
1315 1772 1393 1840 jacis
1409 1774 1440 1829 iss
1457 1787 1520 1827 croc
1538 1769 1640 1827 dacore

1148 2036 1318 2104 Lazarus
1342 2037 1555 2107 Schonerus

1268 2143 1437 2215 lhancus.¹)

582 2286 642 2354 Hic
654 2285 861 2370 Philosophus
883 2289 917 2353 ct
936 2286 1060 2371 quidem
1079 2304 1150 2354 cum
1169 2286 1279 2369 primis
1292 2286 1533 2354 Mathematicus
1542 2286 1573 2369 ⁸)
1592 2290 1684 2352 extra
1704 2304 1827 2353 omns·
1846 2286 1963 2370 ingenii
1983 2288 2084 2356 aleam
2102 2291 2225 2374 positus

484 2387 577 2454 lusto
597 2387 721 2470 Vultejo
741 2384 949 2472 demortuo⁴)
979 2385 1275 2470 Poadagogiarchae
1299 2404 1414 2453 munus
1440 2403 1549 2452 curere
1565 2385 1714 2468 J'ubetur,
1740 2402 1838 2468 quum
1864 2392 1959 2454 anteo
1979 2387 2107 2456 scholae
2127 2390 2225 2458 Hers-

483 2486 614 2554 leldensi
640 2486 829 2570 praebuisset
849 2488 976 2554 Rector.
1026 2486 1088 2555 Sed
1116 2486 1290 2553 enimcum
1309 2486 1361 2552 vix
1381 2486 1517 2552 muneris
1542 2484 1656 2568 publici
1684 2490 1810 2569 partem
1838 2486 1919 2554 hauc
1945 2488 2122 2573 attigisset,
2155 2508 2225 2558 cum

482 2604 547 2653 nou
568 2592 679 2669 posset
699 2605 737 2652 eo
759 2586 890 2668 adduci,
918 2591 956 2653 ut
972 2587 1140 2670 pristinum
1160 2586 1291 2653 docendi
1311 2585 1344 2651 iu
1365 2585 1564 2668 Paedsgogio
1586 2584 1713 2652 modum
1732 2586 1901 2667 retineret,
1927 2588 2044 2672 quippe
2065 2589 2226 2672 quiesset

483 2690 572 2753 totus
603 2687 756 2769 Rameus,
795 2686 899 2753 locum
935 2691 969 2753 et
1000 2705 1114 2753 munus
1148 2704 1231 2753 anno
1257 2684 1470 2751 MDLXXIIX
1499 2685 1594 2754 cessit
1623 2685 1738 2751 loanni
1765 2685 1928 2753 Ferinario
1955 2690 1990 2753 et
2018 2685 2223 2756 Corbaohium

484 2786 644 2868 digressis
664 2787 799 2868 primum
820 2787 912 2852 istius
932 2786 991 2853 loci
1013 2785 1150 2853 scholam
1171 2786 1350 2867 constituit,
1374 2784 1486 2851 deinde
1507 2784 1549 2850 ad
1570 2784 1725 2851 Simonem
1747 2785 1898 2852 Comitem
1917 2785 2118 2871 lippiensem
2136 2789 2223 2867 abiit

481 2885 536 2952 ubi
558 2903 681 2968 quoque
702 2904 759 2967 per
779 2884 899 2968 aliquot
926 2903 1025 2952 annos
1053 2886 1231 2969 guhemata
1257 2884 1406 2969 primaria
1432 2885 1531 2950 vitam
1558 2902 1629 2950 cum
1656 2888 1759 2951 morte
1787 2886 1991 2952 commutavit
2016 2904 2112 2954 senex
2139 2906 2223 2954 anno

482 2982 642 3051 MDOVIL
691 2985 876 3051 Herbomae
902 3004 1028 3069 quoqne
1060 2986 1268 3069 professorem
1297 2986 1363 3068 egit
1391 2985 1474 3050 circa
1501 3001 1618 3049 annum
1645 2982 1910 3068 maxxuvw).
1962 2986 2050 3053 luter
2075 3004 2115 3052 ea
2143 3006 2225 3070 quae

482 3084 648 3150 lucubrare
669 3084 698 3149 ei
718 3084 851 3165 placuit,
877 3089 988 3150 extant
1009 3106 1089 3168 opas
1110 3086 1361 3169 Astrolopicam,
1391 3084 1613 3151 Institutiones
1634 3083 1850 3151 Geometricae
1871 3087 1905 3150 et
1924 3085 1960 3151 io
1979 3085 2224 3154 Amtbmdioom

483 3183 584 3249 Romi
605 3183 837 3262 commentarii,
865 3183 948 3249 unde
974 3183 1056 3251 illius
1077 3185 1118 3259 in
1142 3185 1201 3251 hoc
1227 3183 1428 3253 scientiarum
1456 3200 1570 3264 genere
1597 3182 1818 3252 dexteritatem
1846 3188 1880 3251 et
1910 3186 2031 3268 coptum
2054 3186 2224 3254 aestimare

482 3280 630 3363 liccam).

1100 3557 1235 3626 Petrus
1257 3557 1435 3641 Nigidius
1463 3557 1600 3625 lunior

579 3714 716 3783 senioris
735 3714 818 3781 illius
839 3713 926 3782 Petri
947 3714 988 3780 de
1004 3714 1172 3797 juventute
1193 3714 1310 3796 optime
1331 3713 1435 3780 meriti
1461 3711 1543 3779 filius
1570 3732 1667 3795 quum
1694 3731 1822 3796 operam
1851 3732 1941 3781 suam
1967 3715 2000 3780 in
2025 3716 2222 3784 instituenda

477 3814 645 3899 Juventute
666 3814 796 3881 classica
815 3814 847 3880 in
861 3813 1083 3896 Marpnrgensi
1095 3807 1292 3896 Paedag‘ogio
1314 3813 1507 3892 collocasset,
1528 3831 1611 3878 anno
1625 3813 1842 3900 MDLXXV')
1863 3813 1906 3881 ad
1920 3832 1990 3882 eam
2002 3814 2222 3899 Philosophiae

480 3916 622 3998 partem,
650 3914 683 3980 iu
704 3932 768 3997 qua
788 3914 827 3980 de
847 3913 937 3980 bouis
957 3912 1051 3979 rebus
1071 3917 1105 3977 et
1123 3912 1230 3994 malis,
1258 3912 1358 3996 deque
1380 3912 1541 3977 hominum
1568 3913 1635 3979 sita
1658 3918 1691 3979 et
1712 3914 1850 3981 moribus
1871 3914 2069 3998 disputatur,
2097 3916 2221 3998 publice

480 4013 514 4079 in
527 4013 695 4081 Academia
708 4012 876 4081 docendum
891 4011 1084 4079 authoritate
1097 4011 1259 4093 publicae
1278 4012 1424 4094 patribus
1445 4012 1630 4096 interposita
1644 4031 1678 4079 se
1691 4014 1857 4081 transtulit
1869 4020 1902 4081 et
1916 4016 2125 4099 quinquennio
2145 4024 2220 4099 post
2312 4041 2314 4049 ·

478 4113 560 4197 juris
581 4131 644 4180 non
669 4115 797 4196 ignarus
825 4118 858 4179 et
878 4112 984 4195 legum
1001 4130 1022 4178 u
1038 4111 1160 4193 Vigelio
1188 4111 1310 4194 collegii
1330 4111 1630 4178 Jmisoonsultomm
1651 4113 1776 4180 demeto
1806 4115 1935 4181 summis
1950 4115 2034 4199 jmis
2054 4116 2218 4199 utriusque

480 4212 652 4279 honoribus
674 4218 785 4280 anctus
808 4218 859 4279 est
880 4213 979 4279 series
1000 4210 1259 4294 Philosophorum
1270 4210 1303 4292 ο)
1331 4211 1449 4277 ordinis
1471 4211 1605 4277 Decumo
1634 4218 1667 4277 et
1694 4213 1743 4279 his
1765 4214 1951 4281 Academiae
1978 4215 2076 4297 ipsius
2097 4216 2218 4283 aecor.

482 4312 651 4379 Caeterum
671 4331 765 4396 quum
785 4313 887 4395 prima
908 4313 990 4393 vice,
1010 4311 1043 4376 id
1064 4311 1148 4392 quod
1170 4311 1203 4376 in
1224 4328 1340 4377 annum
1360 4311 1470 4378 incidit
1484 4310 1710 4395 hfflxxcsm,
1731 4313 1932 4396 Reipublicae
1951 4314 2107 4382 assideret
2125 4316 2219 4397 cluso,

481 4412 667 4479 Guilielmus
688 4412 837 4495 Princeps
863 4411 961 4478 filium
988 4428 1077 4477 suum
1104 4409 1286 4476 Mauritium
1313 4411 1400 4476 misit
1428 4410 1650 4494 Mnrpurgum,
1683 4418 1721 4478 ut
1742 4413 1884 4495 ejusdem
1913 4414 1947 4480 iu
1969 4414 2168 4497 Theologicis
2187 4424 2219 4483 et

481 4510 708 4593 Philosophiois
737 4512 850 4579 studiis
877 4510 1117 4593 explorarentur
1146 4527 1350 4592 progressus,
1385 4528 1480 4592 quum
1509 4511 1568 4577 XV
1598 4511 1663 4578 iere
1691 4513 1807 4579 aetatis
1843 4531 1960 4581 aunum
1991 4514 2218 4597 complevisset.

480 4611 586 4693 Atque
605 4611 634 4678 is
654 4612 781 4694 quidem
801 4616 949 4695 prompto
969 4615 1005 4677 et
1024 4614 1139 4692 parata
1158 4609 1192 4676 iu
1213 4609 1431 4692 respondendo
1452 4610 1614 4677 eelerimte
1640 4612 1792 4678 examinis
1818 4613 2000 4696 praesidum
2027 4613 2219 4697 ddigentirm

580 4806 609 4875 1)
626 4806 717 4861 Locus
734 4806 866 4874 moins.

580 4894 610 4961 2)
628 4891 703 4959 Quae
721 4907 738 4947 a
756 4891 893 4948 Striedero
911 4892 961 4948 suh
980 4893 1040 4963 oJ'us
1056 4892 1164 4950 nomine
1184 4891 1266 4962 xm,
1284 4907 1311 4961 p.
1327 4894 1377 4947 186
1394 4907 1452 4963 sqq.
1471 4893 1636 4967 referuntur,
1654 4910 1749 4952 eorum
1765 4898 1984 4968 supplementum
2001 4897 2076 4954 haud
2093 4899 2219 4970 origum

480 4978 609 5035 exhibent
626 4977 696 5036 Add.
715 4979 746 5033 T.
764 4978 845 5049 XIV,
862 4993 889 5047 p.
909 4981 960 5034 362
977 4994 1035 5048 sqq.
1069 4976 1193 5047 Nigidius
1212 4992 1273 5034 eum
1290 4976 1362 5034 inter
1379 4992 1427 5035 sos
1443 4979 1540 5051 habet,
1567 4980 1614 5052 qul
1631 4980 1720 5039 abhuc
1736 4984 1898 5053 superstites
1915 4984 1972 5041 sllo
1988 4999 2021 5042 sa
2038 4985 2218 5044 coutulerunt.

577 5063 609 5134 3)
625 5064 717 5120 Luem
734 5064 865 5134 imaginis.

578 5150 609 5219 4)
628 5150 662 5206 Ι).
680 5150 714 5205 V.
729 5149 804 5219 Sept
823 5166 847 5206 a
867 5150 934 5206 1676
951 5154 1023 5206 testo
1040 5148 1113 5206 Albo
1130 5149 1206 5206 acad.

578 5236 608 5304 6)
625 5236 668 5290 lix
688 5234 742 5303 eis,
762 5250 833 5305 qnae
851 5235 903 5292 Str.
921 5236 1024 5306 attulit,
1042 5250 1067 5292 a.
1087 5238 1154 5292 1688
1170 5236 1335 5306 Corbsclsio,
1358 5239 1426 5293 1688
1443 5238 1587 5296 Herborns
1606 5239 1740 5298 decemr-

578 5321 608 5390 6)
625 5321 779 5391 Insequitur
797 5338 911 5391 parrum
926 5323 1044 5392 spatium
1059 5338 1183 5378 vacuum.

578 5408 607 5476 7)
625 5407 679 5462 Per
695 5407 804 5479 calami,
823 5415 853 5462 ut
868 5406 990 5478 ridetur,
1008 5409 1115 5478 lapsum
1130 5408 1186 5464 Dil.
1203 5407 1275 5462 hunc
1291 5422 1390 5463 mrum
1408 5407 1519 5479 scripsit
1533 5425 1584 5480 pro
1600 5409 1747 5480 thhXV,
1766 5425 1847 5481 quem
1864 5412 1948 5469 habet
1963 5411 2111 5482 Pistorius,
2131 5421 2158 5470 et
2170 5414 2217 5485 qui

480 5491 607 5548 convenit
622 5508 683 5548 oum
701 5508 771 5548 enno
789 5504 951 5550 summorum
967 5494 1074 5566 injure
1089 5496 1223 5552 honorum
1240 5493 1460 5567 impetratorum,
1478 5510 1558 5567 quern
1575 5496 1709 5553 MDLXX
1725 5498 1811 5554 tuisse
1828 5512 1863 5553 ex
1882 5498 1980 5556 Auum
1998 5498 2075 5555 scsd
2091 5504 2177 5570 patet

583 5580 613 5647 8)
631 5579 724 5647 Imago
741 5578 851 5648 Nigidii.
