5409 7267
487 955 534 1022 50

485 1143 691 1223 Marpurgum
712 1140 870 1222 profectus
899 1139 1115 1221 philosophiae
1144 1138 1281 1205 studium
1310 1141 1354 1204 sic
1383 1139 1533 1219 excoluit,
1572 1144 1609 1203 ut
1632 1156 1654 1202 a
1678 1138 1843 1203 Emultate
1870 1136 2089 1219 Pnimopuica
2116 1136 2232 1219 dignus

481 1242 679 1325 judicaretur
699 1240 874 1321 magisterii
893 1237 1072 1320 honoribus,
1091 1256 1168 1319 quos
1190 1256 1270 1302 anno
1291 1236 1442 1303 Mbcvn
1463 1237 1625 1303 diribitcre
1646 1236 1690 1302 ll.
1712 1236 1860 1302 Goelenic
1881 1241 2089 1318 eoumquutns
2106 1242 2171 1318 est,
2192 1253 2231 1302 ac

484 1346 575 1423 patre
594 1340 751 1419 defuncto,
771 1357 840 1404 cum
853 1338 1012 1403 Ecclesiae
1031 1337 1205 1402 ministerio
1224 1354 1259 1401 se
1279 1342 1495 1401 consecratum
1516 1336 1620 1417 sciret,
1641 1336 1786 1417 deinceps
1807 1336 1841 1401 in
1854 1335 2055 1417 Theologiam
2075 1340 2162 1402 tetrus
2182 1336 2230 1401 in·

484 1440 612 1504 cumbit.
654 1439 814 1504 Hactenus
830 1440 936 1501 antem
952 1441 1199 1518 rumperentum
1211 1435 1390 1517 sumptibus
1412 1436 1549 1515 vixisset,
1570 1434 1829 1517 promissionibus
1847 1435 2041 1516 superiorum
2056 1452 2229 1517 persuasus

484 1539 672 1619 ldaJoratum
694 1537 754 1602 sibi
777 1535 963 1601 demandari
980 1536 1116 1617 patitur,
1144 1551 1277 1615 eumque
1298 1536 1343 1600 sic
1365 1534 1464 1615 gerit,
1491 1540 1609 1599 utnon
1629 1534 1839 1600 concionando
1861 1534 1965 1601 solum
1986 1538 2020 1600 et
2040 1532 2230 1615 l'hnolog'me

485 1638 675 1719 disputando
704 1656 739 1702 se
769 1638 872 1718 ipsum
897 1639 1074 1716 exemeret,
1110 1633 1166 1699 sed
1193 1634 1289 1700 etiam
1317 1634 1541 1715 Philosophicis
1569 1633 1835 1715 disputationibus
1871 1638 1904 1700 et
1941 1632 2229 1714 declamationibus,

484 1736 639 1802 institutis
667 1754 736 1802 cam
763 1735 805 1800 ad
832 1754 898 1799 rem
926 1734 1082 1815 collegiis,
1109 1739 1279 1814 praeesset.
1328 1736 1422 1799 Anno
1443 1733 1580 1799 Mocxl
1601 1732 1773 1815 Mnrpurgo
1800 1732 1931 1799 dsoedit
1951 1732 2025 1800 alibi
2050 1732 2228 1800 uberiorem

484 1836 665 1901 thesaurum
687 1834 797 1901 usibus
811 1836 839 1917 ¹)
858 1833 1017 1899 Ecclesiae
1039 1833 1208 1913 aliquando
1228 1834 1443 1915 exponendum
1466 1833 1665 1898 codcrtnrus.
1708 1832 1773 1898 Sed
1793 1851 1864 1899 cum
1883 1833 1916 1899 in
1936 1832 2044 1899 schola
2063 1832 2229 1898 Bremmsi

483 1934 569 2017 apud
588 1935 718 2000 fratrem
737 1935 931 2000 Ludovicum
951 1932 1165 1998 Professorem
1194 1938 1229 1998 et
1247 1933 1460 1999 Ecclesiasteu
1487 1939 1667 1998 versaretur
1693 1938 1790 2014 atque
1815 1938 1883 1998 mm
1900 1931 1984 1998 illius
2005 1937 2073 1999 tum
2091 1930 2229 1999 mussi-

482 2053 606 2100 momm
627 2034 842 2114 theologorum
863 2034 902 2098 D.
922 2032 1019 2097 Pierii
1037 2037 1071 2097 et
1092 2030 1234 2098 Martinii
1254 2032 1346 2098 docta
1365 2033 1519 2114 gauderet
1540 2033 1784 2112 couversatione,
1805 2031 1847 2097 ab
1869 2030 2004 2099 Hessius
2022 2031 2227 2113 landgravio

484 2133 635 2199 Mauritio
655 2134 696 2198 ad
715 2134 925 2198 Diaconatum
950 2133 983 2196 in
1003 2132 1079 2196 aula
1100 2130 1283 2198 cassellana
1305 2138 1447 2213 vocatur,
1468 2150 1559 2214 quem
1582 2150 1664 2198 anno
1684 2130 1837 2198 MDGXII
1856 2149 1964 2198 mense
1984 2131 2096 2199 Octob.
2116 2133 2227 2200 adiens

483 2234 649 2298 lectionem
677 2234 705 2297 ei
736 2232 942 2313 theologicam
969 2232 1001 2296 in
1028 2231 1135 2296 schola
1154 2231 1256 2298 aulica
1284 2233 1453 2315 conjungit.
1496 2231 1626 2312 Collega
1651 2249 1690 2295 ex
1715 2230 1790 2297 aula
1810 2230 2027 2312 Rotaburgum
2045 2231 2227 2300 discedente

483 2333 543 2396 An.
565 2331 734 2398 MDCXIII
762 2334 830 2413 ipso
862 2350 936 2396 vere
963 2331 1131 2413 primariae
1160 2330 1205 2396 illi
1230 2332 1384 2397 accedunt
1394 2332 1438 2413 ²),
1467 2337 1501 2397 et
1528 2332 1636 2397 eodem
1662 2349 1745 2397 auno
1772 2349 1811 2396 ex
1838 2348 1995 2397 consensu
2019 2330 2174 2414 ffindpis
2193 2336 2228 2398 et

483 2431 672 2497 Academiae
686 2431 803 2512 judicio
823 2431 988 2511 Marpurgi
1006 2429 1196 2511 Theologiae
1219 2431 1338 2497 Doctor
1358 2436 1558 2512 nuncupatur
1577 2448 1597 2495 a
1617 2429 1775 2496 Molthero
1789 2430 1881 2496 XIIX
1896 2430 2090 2497 Novembris.
2135 2431 2227 2497 Anno

484 2537 633 2613 sequente
651 2532 684 2596 in
698 2531 851 2612 Principis
863 2531 1156 2611 Brandeburgensis
1177 2531 1378 2612 primogeniti
1398 2529 1512 2595 Aulam
1525 2529 1699 2596 Obremem
1718 2530 1881 2612 inritatur,
1903 2547 1997 2612 quam
2019 2528 2227 2597 conditionem

482 2649 578 2712 quum
598 2631 687 2712 gravi
709 2631 749 2696 de
781 2648 895 2696 cauma
917 2629 1119 2709 declinasset,
1151 2628 1245 2710 paulo
1274 2635 1348 2712 post
1376 2629 1535 2695 Ecclesiae
1559 2630 1854 2712 Palaeopolitanae,
1882 2646 1965 2711 quae
1995 2628 2140 2697 Gemellis
2166 2634 2227 2710 cst,

481 2737 593 2812 pastor
614 2731 826 2796 constituitur.
876 2729 958 2794 Exin
986 2729 1112 2794 biennio
1142 2728 1265 2810 elapso,
1290 2747 1362 2795 cum
1382 2729 1545 2796 Scultetus
1572 2730 1660 2811 prius
1679 2730 1708 2796 ei
1735 2748 1776 2795 ex
1794 2728 1936 2796 biarchis
1960 2730 1993 2794 in
2016 2728 2227 2796 Palatimm

480 2830 644 2895 rediturus
665 2830 853 2912 persuadere
876 2835 1006 2895 conatus
1027 2828 1154 2908 fuisset,
1184 2833 1223 2893 ut
1244 2829 1438 2910 Septemviro
1457 2829 1712 2911 Brandeburgico
1735 2829 1853 2895 loanni
1873 2828 2070 2911 Siglsmundo
2098 2846 2226 2911 operam

482 2928 640 2995 addiceret
660 2948 763 3010 suam,
793 2928 921 2995 Crocius
947 2933 1055 2993 autem
1083 2929 1131 2993 rei
1158 2929 1376 3009 magnitudine
1402 2928 1632 3010 deterreretur,
1662 2935 1696 2995 et
1715 2935 1829 3011 postea
1846 2929 1880 2995 in
1900 2927 2069 2995 Academia
2088 2928 2225 2994 Franco

481 3027 613 3093 furteusi
634 3028 676 3093 ad
698 3027 835 3093 Oderaur
848 3028 1057 3108 Theologicae
1079 3032 1229 3092 uacarent
1250 3027 1470 3109 professiones,
1491 3046 1541 3093 an.
1556 3029 1722 3095 uncxvl
1740 3046 1846 3095 mense
1859 3028 1975 3095 Martio
1993 3047 2015 3094 a
2030 3026 2225 3109 Septsmmo

482 3132 629 3207 vocatur,
658 3134 695 3191 ut
724 3126 775 3190 vel
793 3125 1015 3208 professionem
1035 3126 1069 3188 in
1093 3125 1278 3205 Academia,
1309 3126 1361 3191 rel
1387 3145 1499 3191 munus
1521 3127 1773 3193 Ecclesiasticum
1801 3128 1835 3193 in
1859 3127 1933 3194 auls
1951 3128 2139 3211 susciperet:
2161 3144 2224 3209 quo

482 3226 577 3291 ctiam
598 3226 723 3290 nomine
747 3225 787 3291 ad
812 3225 1047 3306 Landgravium
1077 3223 1189 3288 literae
1201 3224 1238 3305 ⁸).
1289 3224 1369 3290 Cum
1397 3224 1504 3306 itaque
1531 3244 1571 3290 ex
1596 3244 1659 3291 una
1686 3231 1780 3308 parte
1796 3225 2015 3308 Laudgrarius
2040 3227 2109 3308 eJus
2128 3244 2225 3309 opera

480 3330 633 3407 perpetuo
654 3343 762 3391 carere
782 3325 891 3405 nollet,
917 3344 956 3390 ex
976 3324 1079 3390 altera
1097 3322 1225 3389 Elector
1243 3325 1367 3389 iteratis
1386 3324 1523 3390 instaret
1541 3325 1650 3407 literis,
1669 3325 1823 3409 Principis
1846 3326 1971 3393 demum
1992 3346 2149 3395 consensu
2167 3345 2225 3409 per

479 3424 641 3490 biennium
670 3425 702 3489 in
721 3424 862 3490 diarchia
891 3424 1036 3489 substitit
1062 3429 1096 3488 et
1123 3440 1192 3487 cum
1211 3422 1357 3489 Electore
1382 3424 1415 3488 in
1440 3424 1620 3490 Borussiam
1641 3425 1799 3509 profectus
1826 3445 1847 3493 a
1876 3427 2075 3495 concionibus
2099 3429 2145 3495 illi
2165 3429 2226 3495 fuit

480 3524 599 3605 aulicis,
620 3524 809 3589 adversariis
827 3523 859 3589 in
878 3542 949 3589 eum
971 3523 1058 3588 varia
1075 3521 1284 3589 molientibus.
1328 3522 1434 3600 Quum
1454 3540 1529 3589 vero
1547 3525 1759 3606 superioribus
1781 3528 1873 3593 annis
1886 3527 2102 3595 Scironfeldlus
2121 3529 2225 3596 senior

480 3622 664 3704 hemiplcxia
684 3623 751 3688 sive
769 3621 909 3705 paralysi
929 3622 1034 3688 dextri
1053 3622 1163 3687 lateris
1182 3628 1345 3704 correptus
1366 3620 1558 3688 Professioui
1581 3628 1614 3689 et
1629 3623 1737 3690 Officio
1753 3625 1972 3693 Ecclesiastico
1992 3646 2139 3710 praeesse
2159 3647 2224 3694 uon

479 3727 587 3803 posset
609 3722 753 3802 amplius,
776 3739 796 3783 a
817 3721 966 3785 Mauritio
987 3720 1106 3801 Landg.
1137 3730 1304 3786 revocatur
1324 3720 1452 3786 Grocius
1474 3739 1557 3786 anno
1578 3722 1795 3790 Mocxvm..
1834 3727 1934 3805 Quem
1959 3744 2021 3809 quo
2042 3728 2224 3795 clementius

481 3819 604 3884 foverat
624 3819 766 3898 Elector,
795 3836 832 3883 eo
861 3818 1038 3884 dimittebat
1060 3820 1200 3901 aegrius,
1222 3820 1391 3884 invitatum
1411 3820 1504 3899 ultro,
1525 3821 1552 3885 si
1574 3839 1637 3886 nou
1657 3830 1809 3906 perpetuo
1820 3828 1867 3908 ⁴),
1893 3827 2005 3893 saltem
2024 3826 2066 3891 ad
2085 3833 2221 3910 tempus.

458 3918 562 3996 ,Quia
584 3936 658 3982 vero
686 3918 809 3983 biennio
839 3917 946 4000 elapso
975 3937 1009 3983 sc
1033 3918 1206 3984 rediturum
1228 3936 1296 3984 esse
1317 3936 1375 3983 suo
1400 3919 1588 4000 promiserat
1610 3921 1763 4005 Principi‚
1790 3925 1882 3990 venia
1909 3926 2034 3992 tandem
2054 3926 2224 4008 impetrata

480 4035 537 4099 per
559 4015 770 4083 Dantiscauos
792 4022 825 4081 et
846 4015 1020 4083 Marchicos
1048 4018 1081 4082 in
1102 4019 1248 4083 Hassiam
1271 4037 1417 4084 reversus
1438 4020 1596 4085 Ecclesiae
1621 4039 1696 4087 suae
1717 4024 1909 4106 restituitur,
1937 4026 2024 4109 crpus
2045 4045 2152 4092 cruam
2172 4028 2224 4093 vix

480 4115 672 4199 postliminio
701 4122 898 4197 susceperat,
928 4134 1021 4198 quum
1051 4136 1155 4183 meuse
1183 4117 1313 4183 Octobri
1341 4118 1381 4183 ab
1411 4118 1578 4184 Academia
1605 4120 1823 4203 Marpurgensi
1855 4126 2026 4192 accersitus
2054 4128 2223 4209 primarius

480 4214 638 4298 professor
656 4219 690 4279 et
712 4214 918 4281 Ecclesiastes
940 4218 1168 4298 designaretur.
1209 4219 1345 4299 Ipsoque
1366 4219 1463 4298 igitur
1476 4219 1505 4297 ὅ)
1527 4218 1697 4285 Febmario
1718 4224 1794 4287 anni
1815 4223 1980 4291 MDOXIX
1998 4225 2224 4308 professionem

479 4314 605 4397 publica
635 4331 763 4379 exorsus
791 4316 936 4379 oratione
962 4317 1106 4396 sequenti
1133 4335 1219 4381 anuo
1246 4317 1317 4382 Jan.
1346 4316 1411 4381 Gal.
1441 4318 1558 4383 Rector
1586 4319 1716 4400 eligitur
1741 4327 1774 4387 et
1801 4323 1987 4392 (ionsmtorii
2014 4325 2054 4392 fit
2081 4344 2225 4394 assessor

479 4432 585 4480 mense
604 4415 758 4495 Augusto,
787 4432 825 4479 ac
847 4412 1026 4480 MDCXXII
1048 4415 1103 4480 Gli.
1134 4433 1215 4480 anno
1233 4417 1366 4482 Decurio
1387 4416 1568 4482 Facultatia
1619 4418 1761 4487 Tandem
1789 4440 1868 4491 cum
1887 4424 2057 4493 Academia
2076 4426 2224 4509 ldnrpur·

481 4514 586 4594 gensis
621 4514 663 4579 ad
692 4513 885 4581 Lndovicnm
914 4514 1075 4582 eriorem
1105 4513 1238 4585 Hassiae
1260 4516 1436 4597 Principem
1463 4534 1546 4583 anno
1572 4516 1662 4583 MDC
1755 4524 1785 4602 ⁰)
1820 4522 2059 4608 mmmmm,
2076 4525 2223 4596 'Orosius

481 4611 638 4677 Cassellas
657 4630 803 4680 reversus
814 4613 843 4694 1)

584 4937 608 5000 1)
629 4934 720 5003 Imago
740 4938 837 4992 Crocii.

581 5022 607 5086 2)
626 5020 686 5074 Hoc
701 5020 801 5076 factum
820 5038 881 5078 esse
899 5034 981 5093 negat
997 5026 1116 5082 Striedor
1134 5028 1168 5081 Il.
1189 5044 1214 5095 p.
1231 5028 1294 5081 398..

584 5108 609 5172 3)
629 5106 723 5160 Tilem.
741 5108 818 5162 addit
835 5117 970 5165 verterant.

583 5190 613 5257 l]
632 5190 698 5246 Cod
712 5200 821 5261 pertico
1996 5256 1999 5262 .

582 5276 611 5343 5)
630 5277 689 5331 lloc
714 5279 803 5334 inesse
830 5280 935 5336 videtur
957 5284 985 5336 in
1011 5283 1150 5340 literarum
1174 5285 1300 5342 ductibus
1323 5287 1415 5341 minus
1435 5286 1580 5366 perspicpe
1599 5288 1751 5357 expressis,
1779 5290 1825 5358 qui
1843 5289 1966 5345 versibus
1980 5290 2135 5359 interpositi
2153 5300 2221 5350 scut

480 5362 530 5415 Til.
551 5362 591 5415 eis
611 5364 716 5417 omissis
735 5366 883 5420 Febrrccrii
901 5384 989 5422 atomo
1005 5369 1095 5424 habet.

580 5447 611 5514 6)
629 5447 752 5515 Spatium
770 5466 881 5506 saeuum
900 5453 951 5507 Til.
971 5455 1090 5523 explevit
1114 5457 1185 5511 uotis
1205 5459 1320 5513 XXIV.

582 5534 608 5599 7)
625 5532 691 5589 Post
712 5533 764 5588 hoo
788 5536 898 5591 verbum
923 5538 1096 5596 distinctione
1121 5542 1221 5597 omissa
1245 5543 1384 5599 dimidiam
1406 5546 1463 5599 fere
1488 5559 1581 5600 versus
1600 5552 1705 5613 purtem
1728 5561 1840 5602 vacuam
1865 5548 1978 5616 reliquit
1997 5548 2052 5604 Dil.
2092 5548 2170 5614 Quae
2187 5549 2221 5606 de

479 5618 587 5685 scriptis
606 5620 695 5676 Crocii
714 5629 868 5691 sequuntur,
887 5624 981 5680 Tilem.
1000 5626 1102 5696 omisit,
1114 5628 1169 5683 alia
1188 5644 1258 5696 qnae
1277 5629 1311 5684 ad
1331 5630 1413 5687 vitum
1432 5631 1492 5700 cius
1511 5631 1694 5700 posteriorem
1709 5634 1854 5702 pertinent,
1873 5632 1984 5690 addidit
