5409 7267
2012 995 2059 1065 st

327 1208 501 1286 superaret.
552 1200 793 1282 Heidelbergam
819 1200 949 1280 missus,
988 1204 1027 1265 ut
1052 1216 1133 1280 quae
1166 1198 1251 1264 domi
1281 1196 1456 1279 didicisset,
1483 1199 1639 1265 excoleret
1664 1216 1758 1282 porro
1785 1197 1913 1266 uberim
1936 1200 2060 1283 ibidem,

327 1302 497 1369 triennium
517 1301 595 1367 vixit
614 1300 705 1366 isthic
727 1298 909 1366 condnuum
942 1303 975 1364 et
999 1299 1032 1362 in
1058 1297 1343 1364 laudatissimarum
1370 1298 1486 1363 artium
1515 1299 1726 1381 promeatrice
1754 1304 1787 1366 et
1808 1299 1901 1382 quasi
1920 1306 2061 1383 parente,

319 1421 420 1493 ¹quam
441 1401 641 1485 φιλοσοφίαν
662 1398 775 1466 Graeci
793 1404 923 1481 vocant,
952 1399 999 1464 ita
1024 1398 1198 1464 elaboravit
1225 1396 1285 1462 sub
1312 1397 1419 1478 magui
1439 1398 1572 1465 nominis
1600 1397 1668 1464 viro
1689 1396 1842 1463 Zacharia
1862 1398 1993 1481 Ursino,
2024 1403 2061 1465 ut

327 1520 410 1567 anuo
437 1499 633 1567 MDLXXIV
664 1498 873 1580 Heidelberga
913 1499 946 1563 iu
988 1498 1125 1580 patriam
1160 1501 1322 1562 revocatus
1358 1496 1571 1577 gratissimam
1603 1496 1701 1563 Musis
1733 1497 1871 1563 lauream
1903 1498 2059 1580 meruerit,

326 1601 535 1683 Magistrique
556 1599 697 1682 inprimis
716 1598 809 1665 titulo
838 1597 897 1663 hac
924 1598 994 1680 ipsa
1021 1598 1055 1663 iu
1076 1596 1242 1662 Academia
1267 1596 1313 1661 IX
1333 1594 1479 1661 Decemb.
1502 1594 1679 1661 conferente
1700 1614 1768 1662 eam
1789 1597 1829 1662 D.
1848 1596 1940 1662 Beru.
1965 1596 2060 1680 Cupio

326 1706 458 1766 ornatus
479 1701 529 1765 sit.
571 1698 687 1765 Postea
716 1716 786 1764 sese
814 1698 855 1763 ab
882 1697 994 1762 harum
1024 1714 1129 1762 rerum
1157 1696 1336 1777 cognitione
1367 1700 1517 1777 tanquam
1547 1695 1637 1761 aditu
1654 1696 1814 1780 januaque
1837 1696 1997 1779 patefacta
2017 1696 2060 1763 ad

327 1798 612 1881 lurisprudeutiam
631 1797 810 1879 transtulit,
831 1799 919 1880 cujus
938 1815 1009 1862 cum
1029 1795 1233 1861 fundamenta
1248 1796 1325 1860 satis
1339 1794 1441 1860 felicia
1459 1794 1594 1876 fecisset,
1614 1794 1766 1861 uberiorIs
1787 1794 1854 1877 ejus
1876 1793 2061 1877 cognitionis

327 1898 518 1965 hauriendae
540 1916 653 1964 caussa
672 1897 706 1963 in
725 1897 859 1964 Galbam
879 1896 1028 1979 primum,
1050 1894 1160 1961 exinde
1180 1894 1214 1961 iu
1232 1894 1358 1960 ltaliam
1372 1892 1528 1975 proiectus
1540 1899 1601 1974 est,
1622 1894 1655 1959 in
1666 1897 1732 1976 'qua
1747 1900 1879 1977 utraque
1892 1895 2060 1960 triennium

327 2000 485 2083 integrum
505 1996 651 2063 absolut.
693 1996 783 2062 Unde
802 2014 946 2063 reversus
967 1996 1136 2076 Basileum,
1157 2000 1194 2060 ut
1214 1994 1254 2059 ad
1274 1993 1409 2059 honores
1428 1988 1645 2075 adipiscendos
1668 1999 1700 2060 et
1722 1994 1871 2077 Rempub.
1893 1993 2061 2077 gerendam

329 2116 392 2163 nou
412 2098 516 2162 nudus
538 2097 659 2162 veniret
681 2100 713 2162 et
736 2096 880 2177 inermis,
908 2095 976 2177 ipso
1000 2095 1067 2177 die,
1095 2094 1148 2176 qui
1166 2093 1383 2160 Purificationi
1402 2093 1441 2159 Ι).
1461 2094 1584 2159 Mariae
1605 2112 1693 2161 sacer
1718 2098 1783 2177 est,
1812 2113 1892 2162 anno
1912 2093 2061 2159 MDXXO

329 2198 361 2261 iu
392 2196 484 2262 solito
513 2196 710 2263 brabeutsrio
744 2196 827 2260 inter
853 2200 995 2260 caeteros
1023 2199 1188 2277 praesente
1224 2211 1338 2275 magno
1366 2194 1418 2259 illo
1446 2192 1571 2260 IurisO.
1592 2194 1758 2260 lhancisco
1786 2194 1979 2275 Hotomauo,
2012 2194 2062 2259 cui

329 2295 491 2362 familiaris
504 2295 573 2377 luit,
595 2295 729 2376 insignia
746 2294 777 2359 iu
794 2300 930 2375 utroque
948 2293 1028 2375 jure,
1049 2310 1167 2359 sumum
1189 2311 1259 2358 cum
1278 2293 1432 2376 applausu
1453 2294 1588 2359 omnium
1608 2298 1817 2375 consequutus
1829 2298 1887 2360 est.
1919 2292 2062 2360 caetero

329 2394 407 2477 quin
428 2414 525 2478 quum
547 2394 668 2460 domum
696 2410 839 2460 reversus
865 2394 897 2459 in
925 2392 1073 2475 Stiriam,
1103 2392 1136 2457 iu
1164 2409 1226 2474 qua
1251 2410 1365 2458 annum
1391 2392 1526 2475 vixerat,
1552 2398 1680 2475 pararet
1705 2392 1857 2475 reditum,
1887 2392 2061 2476 Principum

328 2494 462 2561 Hessius
494 2493 555 2559 Du.
580 2493 737 2560 Wilbelmi
767 2492 923 2576 Sapientis
961 2499 995 2557 et
1031 2491 1094 2558 Du.
1129 2490 1279 2557 Ludovici
1315 2491 1442 2559 Pacifici
1474 2492 1567 2576 jussu
1602 2500 1729 2576 praeter
1763 2511 1884 2560 omnem
1913 2511 2000 2575 spem
2029 2499 2062 2559 et

330 2594 577 2675 expectationem
599 2591 658 2658 sub
680 2592 772 2657 finem
794 2590 910 2659 mensis
932 2589 1069 2672 Augusti
1090 2591 1129 2656 ab
1152 2590 1317 2657 Academia
1351 2599 1461 2658 nostra
1491 2598 1620 2659 vocatus
1652 2597 1687 2660 et
1711 2592 1911 2675 dignissimus
1937 2592 2063 2659 habitus

330 2699 393 2775 est,
413 2694 468 2774 qui
490 2692 731 2773 copiosissimam
752 2691 892 2772 linguam
905 2690 1072 2773 Graecam,
1096 2692 1164 2756 sine
1184 2691 1272 2774 crejus
1290 2693 1468 2774 cognitione
1487 2693 1649 2758 inertium
1663 2691 1740 2758 adeo
1756 2692 1894 2773 ipsarum
1911 2697 1944 2758 et
1960 2709 2062 2765 rerum

329 2793 467 2860 scientiis
488 2792 565 2857 satis
584 2792 685 2872 perite
705 2790 824 2855 versari
844 2795 950 2870 potest
969 2808 1075 2871 nemo,
1107 2789 1252 2856 trademt
1279 2791 1410 2872 publice.
1464 2789 1526 2858 Sed
1550 2790 1665 2873 Copius
1682 2790 1786 2872 paulo
1814 2796 1888 2872 post
1907 2790 2061 2856 extinctus

329 2897 418 2976 peste
443 2891 560 2972 locum,
591 2907 681 2971 quem
707 2895 740 2954 et
767 2890 800 2954 in
825 2889 994 2955 Academia
1022 2894 1057 2954 et
1080 2889 1254 2955 Dicasterio
1282 2907 1427 2971 supremo
1454 2895 1617 2972 tenuerat,
1649 2890 1744 2956 cessit
1762 2889 1897 2973 Vultej0.
1945 2888 2061 2955 Vemm
2122 2962 2124 2966 .

330 2992 413 3056 enim
433 3008 501 3055 cum
517 2989 681 3071 Reguerus
696 2989 835 3055 snmus
857 3007 891 3054 se
910 3008 993 3055 anno
1007 2988 1145 3055 MDXCI
1164 3006 1293 3055 munere
1312 3006 1380 3070 suo,
1402 2989 1486 3071 quod
1505 2990 1588 3055 inter
1606 2989 1851 3056 Jurismusultos
1870 2989 2063 3055 sustinuerat

330 3090 523 3173 primarium,
544 3089 733 3170 abdicasset,
757 3089 789 3153 in
809 3089 875 3171 ejus
896 3089 997 3154 locum
1020 3089 1069 3154 hic
1089 3089 1212 3171 quidem
1235 3086 1387 3154 suffectus
1407 3093 1465 3155 ost.
1506 3090 1598 3155 Anno
1621 3107 1695 3154 vero
1715 3092 1803 3171 post,
1821 3087 1991 3171 MDXCII,
2010 3088 2062 3171 qui

332 3190 371 3256 ob
386 3188 541 3254 Wilhelmi
561 3188 693 3255 Hassiae
714 3188 907 3270 Landgravii
926 3186 1209 3256 munificentissimi
1229 3187 1417 3254 Academiae
1434 3187 1626 3254 Maecenatis
1648 3192 1682 3254 et
1701 3188 1921 3271 sapientissimi
1942 3188 2063 3253 omuino

329 3289 495 3371 Principis,
527 3289 616 3372 cujus
648 3288 746 3354 verba
778 3288 810 3353 in
839 3292 909 3354 toto
937 3288 1054 3371 passim
1080 3288 1220 3355 Romano
1247 3286 1381 3369 Imperio
1408 3288 1493 3354 velut
1523 3305 1563 3354 ex
1588 3286 1715 3354 oraculo
1744 3287 1829 3354 edita
1854 3286 2064 3371 suspiciebant

330 3406 453 3470 omnes,
475 3387 610 3469 obitum,
633 3388 687 3470 qui
707 3385 797 3452 XXV
817 3385 954 3468 Augusti
975 3385 1056 3451 diem
1078 3386 1202 3469 incidit,
1223 3388 1346 3468 patriae
1367 3386 1440 3453 huic
1459 3391 1586 3453 nostrae
1607 3386 1767 3452 luctuosus
1787 3384 1847 3452 fuit
1867 3392 1900 3451 et
1919 3385 2062 3452 funestus

330 3487 495 3554 admodum
516 3486 646 3569 Reipub.
668 3484 889 3566 Academicae,
910 3485 1059 3550 tractavit
1072 3484 1284 3565 gubernacula
1296 3486 1423 3567 Rector,
1443 3503 1463 3551 a
1480 3486 1651 3568 quostiam
1665 3501 1728 3552 una
1748 3501 1816 3551 cum
1836 3482 2064 3568 professoribus

330 3587 439 3653 XXIII
457 3584 575 3666 Aprilis
595 3583 669 3648 anni
689 3582 849 3665 sequentis
874 3582 908 3647 in
935 3583 1120 3648 consistorio
1141 3583 1325 3650 Academico
1346 3584 1507 3652 Illustriss.
1529 3584 1666 3668 Principi
1687 3582 1836 3651 Mauritio
1853 3583 2063 3667 Juramentmu

329 3686 456 3752 solenne
476 3684 661 3764 praestitum
682 3681 749 3747 fuit
792 3682 896 3763 Atque
918 3680 978 3747 hoc
999 3680 1123 3763 quidem
1144 3682 1332 3763 magistratu
1354 3685 1449 3750 etiam
1469 3684 1606 3751 secunda
1633 3684 1700 3751 vice
1727 3682 1907 3767 perunctus
1936 3687 1987 3749 est
2014 3682 2063 3749 vel

331 3785 371 3852 ob
391 3784 424 3851 id
445 3781 651 3865 memorabili,
676 3780 759 3864 quod
783 3784 852 3847 tum
879 3780 1004 3864 quidem
1026 3781 1132 3846 variae
1152 3783 1390 3850 constitutiones
1418 3783 1456 3849 de
1478 3782 1678 3868 eleemmynis
1698 3782 1864 3866 erogandis
1889 3786 1923 3849 et
1943 3780 2063 3864 legibus

331 3882 498 3967 quotannis
514 3880 730 3963 praelegendis
745 3879 874 3963 ahisque
890 3879 967 3946 adeo
981 3880 1076 3946 rebus
1090 3880 1231 3948 conditae
1246 3883 1318 3949 siut.
1361 3883 1602 3950 Procaucellarii
1622 3898 1745 3966 quoque
1764 3881 1947 3966 Academici,
1968 3897 2065 3965 quum

331 3983 433 4049 isthoc
451 3999 577 4047 munere
595 3998 676 4046 anno
694 3979 814 4047 MDCV
834 3978 1031 4046 Hermaunus
1051 3982 1231 4058 Lersnems,
1250 3981 1331 4048 rude
1362 3982 1496 4049 donatus
1523 3982 1669 4065 abiisset,
1702 3981 1857 4064 dignitate
1874 3987 1985 4048 auctus
2006 3984 2064 4064 est,

329 4084 482 4165 jussuque
496 4079 637 4145 Mauritii
652 4080 804 4162 Principis
824 4081 932 4145 eodem
953 4098 1035 4145 anno
1048 4079 1205 4147 lmdovico
1220 4080 1435 4164 landgravio,
1455 4099 1549 4164 quum
1570 4082 1598 4147 is
1620 4082 1686 4148 vita
1706 4080 1902 4165 excessisset,
1923 4080 2063 4147 oratione

331 4182 454 4248 funebri
473 4179 661 4264 parentavit.
705 4179 821 4259 Quibus
843 4179 984 4245 omnibus
1011 4183 1045 4245 et
1068 4178 1144 4245 haec
1165 4181 1296 4247 accessit
1318 4181 1418 4248 veluti
1437 4181 1590 4248 auctuarii
1608 4182 1675 4247 loco
1695 4179 1848 4264 dignitas,
1877 4179 1959 4265 quod
1979 4196 2062 4247 anno

332 4280 469 4348 MDCXI
489 4280 573 4345 intra
594 4277 777 4345 Consistorii
796 4276 1006 4344 Ecclesiastici
1027 4281 1209 4347 Assessores
1237 4281 1411 4365 asscriptus
1433 4281 1485 4347 sit.
1529 4279 1574 4347 Et
1600 4280 1682 4346 inter
1702 4280 1758 4347 hos
1780 4279 1904 4364 quidem
1923 4280 2008 4348 vitae
2024 4297 2061 4346 ac

334 4380 522 4464 dignitatum
541 4377 656 4460 gradem
670 4378 745 4444 licet
759 4376 944 4460 aRegibus,
964 4375 1177 4461 Principibus,
1198 4378 1370 4447 comitibus
1385 4385 1418 4446 et
1433 4378 1621 4447 eiulatibus
1638 4379 1735 4462 ipsius
1748 4397 1843 4462 opera
1856 4384 2062 4464 expeteretur,

331 4482 364 4547 in
384 4498 422 4545 ea
443 4486 547 4545 tamen
569 4477 720 4559 statione,
751 4477 783 4542 iu
814 4493 875 4558 qua
902 4477 1037 4559 primum
1062 4482 1146 4543 esset
1172 4479 1357 4561 collocatus,
1389 4495 1514 4545 manere
1534 4478 1665 4561 maluit,
1695 4477 1771 4545 forti
1800 4479 1903 4545 auimo
1924 4479 2006 4545 inlra
2027 4497 2061 4545 se

332 4580 436 4663 posita
456 4596 524 4644 esse
546 4577 742 4658 existimans,
770 4591 852 4657 quae
880 4579 947 4642 tam
967 4576 1129 4642 ambitiose
1156 4577 1294 4661 plerique
1317 4583 1488 4645 sectantur.
1534 4579 1583 4645 De
1612 4582 1737 4645 caetero
1766 4577 1952 4645 clarissimos
1977 4579 2060 4646 viros

332 4683 427 4762 atque
446 4678 594 4743 maximos
616 4678 776 4758 sequutus,
799 4675 853 4757 qui
872 4694 935 4741 non
949 4677 1048 4743 minus
1061 4676 1125 4758 otii,
1146 4694 1240 4758 quam
1259 4678 1380 4760 negotii
1393 4678 1548 4744 rationem
1564 4683 1672 4746 extare
1687 4682 1833 4760 oportere
1852 4677 2059 4761 arbitrantur,

332 4776 589 4861 exquisitissimae
608 4776 766 4841 doctrinae
788 4774 921 4857 vestigia
942 4792 1006 4841 non
1028 4789 1137 4856 pressa
1157 4774 1271 4842 leviter
1287 4777 1330 4843 ad
1351 4778 1455 4861 exigui
1475 4777 1625 4863 temporis
1644 4776 1922 4863 praedicationem,
1942 4778 1998 4845 sed
2018 4780 2060 4845 ad

332 4878 423 4961 hujm
441 4875 628 4942 Academiae
647 4872 826 4940 memoriam
845 4874 1068 4955 sempiternam
1080 4872 1143 4967 lixa
1159 4875 1298 4959 reliquit.
1339 4875 1546 4959 Amplissimis
1568 4879 1649 4944 enim
1670 4878 1755 4944 hisce
1773 4878 1951 4946 muneribus
1965 4883 2059 4963 atque

333 4978 486 5059 dignitate
505 4972 684 5057 perfunctus
707 4989 805 5038 anuos
826 4988 909 5038 nunc
929 4973 1157 5056 quinquaginta
1177 4975 1317 5058 integros
1337 4974 1510 5043 forensibus
1530 4983 1564 5043 et
1584 4975 1775 5043 scholasticis
1795 4976 1972 5061 laboribus,
1993 4982 2058 5044 tam

333 5077 366 5143 iu
388 5075 525 5142 docendo
545 5080 578 5139 et
597 5072 802 5153 consulendo,
829 5088 924 5152 quam
951 5072 1113 5139 scribendo
1140 5074 1250 5157 positis
1280 5076 1322 5142 ad
1342 5075 1500 5143 hominum
1520 5076 1637 5142 lamam
1657 5076 1806 5159 profluxit
1826 5077 1992 5159 eJusmodi,
2022 5083 2059 5144 ιιι

333 5193 402 5241 eam
422 5174 508 5239 nulla
529 5172 679 5254 temporis
700 5172 813 5253 injuria
840 5171 957 5237 ululare
983 5173 1087 5253 possit
1113 5178 1169 5238 aut
1196 5173 1304 5239 delere
1328 5192 1474 5256 uuquam.
1526 5175 1629 5254 Quum
1656 5176 1738 5241 enim
1766 5194 1830 5242 non
1859 5178 1923 5243 suis
1949 5176 2058 5244 Hassis

332 5273 438 5354 modo,
460 5272 517 5339 sed
538 5272 652 5339 exteris
673 5272 768 5336 etiam
788 5270 939 5353 pmdesse
960 5270 1070 5355 vellet,
1098 5271 1131 5337 iu
1150 5271 1250 5337 lucem
1271 5278 1310 5338 et:
1323 5273 1481 5358 publicum
1500 5274 1587 5341 dedit
1604 5274 1721 5343 Libros
1741 5275 1781 5343 de
1801 5276 1939 5358 Facu,
1969 5276 2058 5343 Goon-

332 5374 506 5442 meutorc'os
533 5374 569 5438 ιιι
593 5372 814 5439 Institutioocs
838 5371 926 5452 juris
957 5376 988 5438 et
1017 5371 1053 5436 ia
1081 5372 1235 5455 quosdam
1263 5373 1373 5444 titulos
1403 5374 1455 5441 lib.
1476 5374 1541 5440 ΠΙ
1557 5373 1684 5442 Codicis
1710 5374 1765 5457 qui
1788 5380 1864 5442 suut
1883 5377 1931 5444 de
1951 5378 2058 5461 juris·

333 5474 486 5540 dictc‘oue:
507 5474 640 5555 itusque
656 5472 772 5539 libram
783 5492 881 5537 uuum
895 5471 1257 5556 cnoepmtmnumjorts
1265 5472 1538 5543 adeolaste’coruoa
1568 5473 1944 5560 Dedmmtpluro1),nisi
1956 5477 2058 5559 ipsum

431 5607 460 5675 l)
478 5604 576 5659 Mhum
594 5604 667 5674 qnod
684 5606 737 5660 Dil.
756 5604 848 5661 omisit
863 5604 1101 5676 Jurispmdentine
1114 5604 1254 5661 &manse
1271 5622 1288 5661 a
1304 5605 1457 5663 Iustiniauo
1475 5607 1640 5678 compositas
1662 5606 1748 5666 libros
1764 5608 1804 5679 ll,
1833 5610 1947 5679 primum
1969 5609 2057 5665 editos

333 5693 421 5765 llarp.
439 5707 464 5748 a.
484 5691 562 5759 toto,
578 5697 676 5760 postea
691 5706 775 5762 saepe
793 5692 929 5764 repetitos.
