5409 7267
481 919 526 989 26

480 1103 619 1185 abunde,
640 1102 697 1169 sed
718 1103 764 1167 ita
784 1107 906 1181 tamen,
933 1106 969 1166 ut
990 1100 1243 1166 exercitationem
1264 1100 1379 1165 mentis
1400 1098 1440 1163 ab
1461 1098 1572 1163 harmn
1592 1116 1698 1163 rerum
1720 1097 1833 1163 studiis
1852 1096 1894 1162 ad
1916 1097 2095 1164 reconditas
2117 1106 2152 1165 et
2170 1100 2228 1165 ab·

480 1208 602 1271 strusas
623 1200 746 1267 divinae
766 1198 919 1266 bonitatis
940 1217 1014 1281 opes
1036 1199 1070 1264 in
1101 1200 1199 1264 sacris
1220 1198 1320 1263 literis
1341 1198 1432 1263 nobis
1451 1196 1648 1280 praepositas
1669 1196 1859 1262 traduceret.
1903 1196 2083 1262 Transtulit
2105 1199 2229 1263 enime

481 1303 602 1370 Graeco
628 1301 661 1366 iu
687 1301 835 1365 Latinum
864 1298 1020 1364 theoduli
1052 1297 1254 1382 Ooolesyriae
1280 1297 1451 1379 Episcopi,
1478 1301 1515 1361 ut
1533 1301 1682 1378 putatur,
1714 1296 1967 1361 Euarratiouem
1994 1295 2163 1378 Epistolae
2183 1299 2229 1363 ad

479 1404 644 1471 Raurauos
662 1418 680 1466 e
701 1397 866 1478 Tbeologis
887 1396 1018 1464 Graecis
1039 1402 1238 1478 congestam:
1268 1396 1494 1479 theophylacti
1507 1395 1536 1477 ¹)
1565 1396 1663 1462 etiarn
1681 1394 1921 1461 Errarratioues
1942 1397 1978 1461 iu
2000 1416 2105 1463 omues
2125 1398 2229 1464 Pauli

481 1502 650 1585 Epistolas
671 1506 702 1566 et
721 1498 903 1580 Prophetas
922 1498 1046 1580 aliquot
1066 1498 1206 1563 minores
1227 1495 1402 1562 Latinitate
1422 1494 1567 1560 donavit:
1597 1495 1761 1560 Nicandri
1787 1494 1863 1559 item
1886 1495 2044 1561 theriaca
2065 1504 2095 1562 et
2115 1497 2229 1563 Aleri-

475 1600 657 1682 pharmaca
677 1596 809 1680 adjectis
830 1596 970 1662 scholiis:
1000 1596 1166 1678 Sophoclis
1192 1594 1328 1679 Ajacem
1344 1594 1595 1678 stapelliserum:
1626 1593 1818 1661 Callimachi
1846 1595 1978 1678 hpmuos
2005 1598 2040 1661 iu
2060 1594 2172 1663 dovera
2199 1605 2230 1663 et

481 1700 681 1782 Apollinem:
700 1697 844 1764 Piudari
859 1714 982 1778 quoque
994 1694 1154 1778 Olympia,
1174 1694 1303 1778 Pythia,
1324 1695 1453 1776 Nemea,
1473 1694 1612 1760 Isthmia
1626 1698 1659 1759 et
1670 1693 1813 1777 Lycarpr'
1824 1693 1854 1775 ²)
1872 1694 2028 1760 adrasus
2044 1695 2230 1762 Momatem

482 1801 657 1865 oratiouem
677 1796 785 1862 addito
809 1795 1035 1879 philosophiae
1057 1794 1219 1860 Eucomio.
1267 1792 1378 1859 Edidit
1404 1799 1570 1876 praeterea
1601 1793 1787 1861 Oatcchesiu
1812 1794 1956 1862 dolorm
1977 1793 2043 1861 Dei
2066 1797 2230 1863 voluntate

482 1921 560 1983 erpa
581 1898 722 1982 quemuis
744 1895 967 1962 Ohristiauum
987 1895 1085 1977 deque
1112 1893 1304 1962 Sanctorum
1330 1893 1418 1960 multu
1446 1900 1476 1960 et
1496 1894 1711 1960 invocatione:
1743 1894 1921 1961 authadum
1943 1894 2089 1962 Graecae
2111 1895 2230 1963 Gram-

481 2001 612 2065 maticos
633 2004 662 2064 et
676 1996 862 2063 Rhetoricae
876 1995 1033 2061 Latinae:
1056 1994 1157 2060 Artes
1177 1994 1311 2060 docendi
1321 1993 1351 2075 ³)
1371 1994 1566 2059 methodum:
1587 1993 1812 2060 Demosthenis
1840 1996 2016 2061 orationem
2038 1995 2229 2078 srrrmhrem:

484 2097 629 2165 &aecae
652 2097 782 2179 liupuae
795 2095 1000 2160 Eucomium:
1024 2092 1210 2159 Ooaciouem
1226 2092 1305 2175 Opri
1319 2092 1498 2158 Persarum
1510 2093 1629 2177 Rapis.-
1653 2092 1839 2161 Oouciouem
1856 2092 2025 2160 Oleocriti:
2043 2093 2171 2160 Scholia
2194 2097 2231 2160 ia

482 2196 689 2263 Dioscuridis
716 2195 816 2261 libros
845 2194 884 2259 de
912 2194 1050 2259 materia
1078 2192 1298 2257 modicarum
1324 2193 1573 2258 umreuclataris
1608 2192 1757 2272 Graecis,
1792 2193 1938 2273 Latinis,
1969 2193 2173 2259 Gerruauicis
2200 2202 2231 2259 et

483 2296 672 2363 Hebraicis:
696 2292 893 2375 Oompeudia
911 2291 1067 2358 librorum
1086 2292 1210 2374 aliquot
1223 2290 1412 2357 Aristotelis
1433 2298 1467 2356 et
1481 2292 1668 2358 Ethicomrm
1692 2293 1737 2357 ad
1749 2293 1976 2359 Nicomachum
1994 2294 2231 2376 compurdium:

483 2394 740 2478 Epithalamium
766 2392 928 2459 Graecum
955 2389 1109 2457 inducti
1140 2390 1276 2458 Studaei
1302 2392 1464 2473 qratiam:
1504 2391 1624 2458 Galeui
1645 2407 1775 2473 ‘qnoque
1808 2391 1909 2458 libros
1936 2392 1975 2458 de
2000 2412 2063 2458 usu
2082 2395 2232 2474 partium

482 2495 616 2561 humaui
628 2491 1027 2575 corporisinquaestioues
1038 2489 1191 2556 dilucidas
1208 2490 1425 2556 etsnccinctas
1435 2490 1566 2571 redegit.
1593 2489 1676 2568 Quin
1686 2495 1720 2556 et
1733 2489 1903 2557 Oratimres
1912 2490 2233 2577 Declamationesquc

483 2592 609 2674 scripsit
631 2595 664 2657 et
683 2589 794 2657 hahuit
813 2589 980 2671 plurimae,
1010 2606 1143 2671 quarum
1164 2589 1286 2671 aliquot
1308 2590 1391 2671 typis
1412 2588 1593 2670 evulgatae:
1623 2595 1657 2655 et
1677 2608 1717 2654 ex
1737 2590 1778 2657 iis
1801 2589 1916 2657 Oratio
1937 2592 1983 2657 ad
2002 2591 2233 2675 Imperatorem

485 2691 637 2759 Oarolum
670 2689 705 2757 V.
739 2709 805 2771 pro
833 2689 1047 2771 impetrandis
1079 2689 1266 2773 privilegiis
1305 2687 1533 2755 Uuioeraitatis
1565 2688 1765 2755 Hassiacae:
1806 2690 2035 2757 Gaudaliacou
2063 2692 2232 2775 Principis

490 2790 651 2860 Wlhelmi
677 2789 793 2855 Hesei:
830 2787 944 2856 Oratio
970 2787 1125 2870 funebris
1153 2795 1183 2855 et
1211 2788 1372 2870 Epimdia
1407 2790 1442 2854 iu
1471 2788 1546 2854 Joa.
1572 2789 1683 2854 Ficiui
1714 2788 1911 2855 Oaucellarii
1937 2790 2075 2857 obitum:
2118 2790 2231 2858 Oratio

483 2893 519 2955 iu
539 2895 671 2955 mortem
690 2887 765 2955 Joa.
786 2887 940 2955 Ferrarii
954 2888 1124 2954 Moutaui:
1146 2888 1268 2954 laectm
1288 2894 1319 2955 et
1336 2887 1520 2970 Epitaphia
1547 2889 1583 2953 iu
1594 2889 1702 2971 sumus
1724 2887 1884 2970 Oasparis
1903 2889 2086 2972 Rudolphi:
2118 2890 2232 2957 Oratio

484 2989 523 3055 de
549 2988 644 3053 aerbo
672 2988 858 3053 incarnato:
889 2985 1003 3053 Oratio
1038 2988 1078 3053 de
1104 2988 1231 3054 meliori
1258 2988 1432 3053 literatura
1458 2988 1717 3069 amplecteretur)
1745 2989 1791 3053 ad
1816 2988 1996 3055 studiosam
2016 2991 2232 3072 juaerrtutcm:

484 3088 703 3170 Epitalamia,
733 3085 908 3167 lhricedia,
936 3086 1186 3169 dhriprammata
1209 3087 1350 3151 moralia
1381 3086 1559 3167 mnumera,
1586 3104 1666 3168 quae
1691 3086 1816 3168 singula
1844 3104 2009 3153 recensere
2035 3090 2080 3155 nil
2107 3091 2232 3156 attinet.

484 3186 657 3268 Magistros
682 3186 716 3249 in
742 3182 802 3249 hac
824 3184 1009 3266 Academia,
1037 3185 1112 3250 item
1138 3184 1368 3250 Baccalanreos
1396 3203 1480 3251 anno
1501 3185 1621 3250 DXXX
1648 3185 1804 3251 communi
1832 3204 1986 3252 consensu
2013 3193 2047 3254 et
2074 3188 2233 3271 suffragiis

484 3284 680 3352 renunciavit
701 3282 839 3348 omnium
861 3283 992 3366 primus,
1018 3283 1165 3350 undecies
1188 3283 1414 3366 Philosophiae,
1438 3284 1487 3350 bis
1511 3283 1701 3367 Theologiae
1720 3285 1868 3367 Decurio,
1889 3291 2097 3370 quartumque
2116 3290 2233 3356 Rector

484 3382 678 3466 magnificus.
729 3381 898 3447 Caeterum
927 3400 1010 3447 anno
1038 3382 1140 3448 omv
1162 3383 1206 3448 ad
1235 3383 1464 3465 theologorum
1484 3384 1648 3450 deductus
1669 3383 1817 3451 subsedia
1840 3402 1969 3468 operam
1995 3387 2028 3452 in
2051 3386 2233 3471 explicando

485 3483 655 3551 Matthaeo
674 3480 886 3565 Evamdista
905 3481 1011 3563 posuit
1040 3486 1073 3548 et
1093 3481 1242 3549 decennio
1262 3488 1351 3566 post,
1380 3501 1462 3549 anno
1491 3483 1636 3550 nimirum
1657 3483 1839 3566 MDLXIV,
1860 3484 1992 3567 jubente
2012 3486 2058 3553 ita
2078 3487 2235 3571 Principe,

484 3582 644 3666 primast)
672 3582 706 3647 in
733 3580 793 3648 hac
821 3581 991 3649 Academia
1019 3580 1210 3665 Theologiae
1236 3583 1354 3649 Doctor
1383 3583 1549 3650 salutatur.
1609 3584 1661 3650 Sic
1689 3583 1730 3648 ab
1759 3601 1843 3649 anno
1872 3583 2058 3652 MDXXVII
2089 3587 2235 3669 nuspiam

483 3682 664 3762 interrupta
691 3681 772 3746 serie
799 3680 952 3747 Graecam
979 3680 1118 3762 linguam
1148 3681 1306 3762 professus
1341 3687 1392 3747 est
1417 3700 1474 3763 per
1502 3682 1712 3764 quadraginta
1740 3683 1820 3749 duos
1851 3700 1949 3750 annos
1977 3704 2049 3751 cum
2075 3686 2236 3767 primariis

485 3780 672 3846 Academiae
693 3776 927 3844 Professoribus
954 3779 1017 3861 ita,
1044 3784 1082 3845 nt
1105 3778 1201 3844 etiarn
1229 3778 1269 3843 ab
1300 3796 1382 3843 anno
1403 3778 1564 3844 DXXllVI
1590 3798 1688 3861 usque
1709 3781 1750 3846 ad
1770 3800 1887 3848 annum
1908 3784 2041 3850 DXLVI
2057 3784 2235 3851 Hebraeum

486 3877 578 3945 simul
598 3877 741 3958 linguam
761 3875 910 3942 docuerit.
954 3877 1093 3944 Tandem
1112 3877 1339 3958 Theologorum
1361 3878 1534 3960 asscriptus
1555 3878 1650 3944 classi
1669 3880 1746 3945 XXI
1767 3898 1866 3947 annos
1886 3882 1920 3948 in
1941 3882 2002 3950 hac
2022 3902 2086 3950 una
2111 3885 2235 3951 ratione

486 3976 657 4045 mactanda
678 3974 843 4041 habitavit.
892 3975 972 4041 Erat
991 3983 1099 4044 autem
1122 3977 1189 4043 viro
1212 3977 1374 4058 ingenium
1394 3978 1471 4043 mito
1492 3983 1526 4043 at
1545 3978 1710 4060 placidum,
1739 3997 1904 4062 moresque
1924 3982 2091 4066 amabiles,
2112 4001 2237 4066 mares,

486 4073 612 4157 seniles,
637 4074 793 4141 mansueti
820 4074 1027 4158 humanique,
1055 4081 1088 4142 et
1108 4076 1172 4142 vita
1194 4076 1314 4158 sobria,
1343 4094 1438 4158 qnam
1471 4083 1577 4143 smum
1605 4077 1730 4144 demum
1751 4098 1834 4145 mors
1855 4080 1940 4161 piiss.
1968 4085 2002 4146 et
2022 4081 2237 4165 placidissima

485 4174 547 4241 XX
562 4174 612 4239 die
628 4173 705 4240 Julii
717 4174 747 4257 ⁸)
768 4191 850 4240 anno
865 4174 938 4242 (thr.
951 4174 1093 4255 DLXIX,
1112 4175 1229 4242 aetatis
1247 4196 1322 4243 vero
1343 4175 1445 4241 LXX:
1468 4178 1556 4260 cujus
1571 4178 1752 4244 memoriam
1773 4179 1859 4245 hisoe
1879 4180 2021 4246 versibus
2042 4187 2236 4262 prosequtns

488 4276 538 4337 est
559 4271 674 4337 Petrus
696 4270 844 4353 Paganus

974 4373 1111 4443 Ipuorant
1127 4375 1216 4441 multi,
1227 4376 1309 4444 picta
1322 4372 1373 4429 crab
1389 4373 1508 4442 imapiue
1526 4381 1646 4443 amatae

1009 4457 1098 4530 Saepe
1116 4460 1216 4531 depaut
1233 4465 1315 4525 artes,
1333 4458 1525 4527 impariumque
1542 4460 1648 4515 bouum.

975 4545 1107 4601 Maxima
1125 4545 1235 4601 debetcrr
1252 4544 1341 4614 capiti
1356 4544 1509 4599 recusatio
1526 4560 1595 4600 cauo

1010 4630 1068 4687 Hic
1086 4632 1136 4686 rur·
1148 4631 1267 4706 pictoris
1284 4628 1360 4700 quod
1377 4628 1447 4684 riade
1462 4636 1600 4688 momtrat
1617 4646 1696 4701 opus.

596 4815 623 4883 1)
642 4813 707 4869 Ood.
729 4812 926 4883 theophilacti.

594 4901 624 4968 2)
642 4899 707 4955 cod
727 4900 851 4969 Iiaupt

593 4986 623 5056 3)
641 4985 687 5042 Sic
703 4984 835 5055 scriptum
853 4990 895 5039 est
912 4982 1015 5053 enh,
1031 4999 1096 5040 vcra
1112 4984 1175 5042 libri
1190 4986 1331 5056 inscriptio
1350 4992 1393 5041 est
1410 4987 1481 5042 artis
1499 4985 1609 5042 dueudi
1626 4989 1776 5045 medardus.

594 5071 624 5138 4)
643 5069 712 5129 Ood..
727 5068 928 5141 amplectanda

596 5154 849 5229 a)1nn0primur
867 5154 1021 5227 theologiae
1038 5155 1142 5210 Doctor
1159 5153 1364 5225 llarbmgensis
1385 5155 1471 5212 lmese
1493 5156 1610 5214 traditur
1626 5158 1765 5230 Hyperide
1784 5175 1808 5217 a.
1827 5160 1951 5216 MDLlll
1975 5167 2090 5218 creatus
2124 5162 2239 5221 Dilichii

491 5254 568 5297 error
582 5238 646 5296 inde
663 5241 824 5312 explicatur,
843 5239 916 5309 quod
931 5246 994 5310 post
1005 5238 1120 5310 Hyperis
1134 5246 1248 5296 mortem
1260 5258 1320 5296 cum
1332 5240 1473 5311 Marburgi
1485 5256 1564 5299 nemo
1582 5251 1701 5302 erraret
1716 5244 1771 5301 isto
1789 5246 1893 5303 honore
1911 5252 2030 5317 omaus,
2050 5248 2239 5306 Theudoricus

490 5324 617 5396 Snepfius
628 5325 754 5395 Tuhinga
763 5327 912 5384 arcessitus
924 5333 967 5382 est
982 5326 1017 5381 ad
1036 5326 1206 5382 doctoratum
1214 5326 1438 5397 limburgensem
1455 5328 1667 5402 instaurandum,
1690 5331 1769 5388 cuiue
1787 5333 1904 5403 insignia
1918 5333 2061 5400 Lonicaro,
2080 5335 2128 5391 W.
2140 5335 2238 5390 Orthia

491 5415 520 5466 et
537 5410 645 5467 Victori
663 5412 787 5470 contulit
830 5410 919 5478 Quam
939 5427 998 5471 rem
1021 5411 1236 5470 luculentissime
1259 5413 1395 5470 enarravit
1412 5412 1548 5471 Hannone
1572 5414 1672 5485 Heppe
1693 5418 1724 5473 in
1744 5417 1876 5478 zeitschr.
1902 5421 1919 5477 t
1944 5421 2007 5478 hist
2033 5422 2128 5479 Theoi.
2162 5424 2238 5477 1864.

491 5494 787 5569 XXIV.p.165sqq.
823 5497 862 5553 (lt
881 5496 1003 5569 ejusdem
1020 5496 1117 5554 Gasclu
1134 5497 1159 5553 d.
1178 5497 1301 5556 deutsch.
1319 5499 1437 5556 Protest
1458 5498 1497 5557 11.
1514 5516 1542 5570 p.
1560 5502 1595 5556 96
1613 5515 1670 5572 sqq.

597 5583 628 5653 a),
645 5580 731 5644 lrnrno
749 5578 787 5644 ad.
801 5582 884 5644 Juaii
901 5581 974 5644 diem
993 5580 1045 5640 XX
1063 5582 1123 5658 aius
1140 5591 1259 5660 morum
1271 5584 1356 5643 retcrt
1373 5584 1468 5642 Tilena
1488 5600 1521 5643 ex
1537 5585 1610 5643 Albo
1628 5587 1791 5645 mademico.
