5409 7267
953 1154 1066 1209 thisias
1083 1153 1129 1208 hic
1143 1155 1254 1221 patria,
1270 1151 1398 1207 doetrim
1410 1152 1559 1222 praeditus
1576 1157 1649 1211 amori

989 1239 1116 1293 Martisue
1132 1239 1258 1293 hamanis
1275 1237 1500 1309 perplacidisgue
1512 1239 1616 1308 few).

954 1325 984 1378 le
1001 1324 1095 1380 docuit
1113 1324 1249 1394 Papeaen
1265 1325 1369 1379 cuncto
1386 1324 1551 1380 mirantrhne
1566 1332 1648 1397 atace

988 1411 1110 1466 Alternis
1129 1408 1254 1465 Medicas
1273 1409 1392 1464 tradidit
1408 1411 1480 1466 artis
1497 1426 1583 1481 opero.

956 1498 1059 1552 Metita
1074 1498 1206 1551 manabat
1220 1495 1353 1566 prudenti
1370 1512 1406 1550 ea
1424 1511 1471 1551 ore
1491 1496 1608 1568 wamia,

990 1583 1124 1639 Facundo
1143 1584 1256 1653 guaceio
1274 1588 1391 1637 nooaat
1407 1597 1454 1636 ore
1472 1582 1556 1652 tagra.

958 1669 1147 1739 Tranqniuam
1164 1669 1238 1724 vicit
1253 1674 1331 1723 casta
1345 1684 1406 1723 mem
1422 1667 1536 1739 comaga
1553 1671 1638 1725 eitam

989 1756 1030 1811 Et
1046 1757 1150 1811 sanctis
1167 1754 1268 1810 stadiis
1286 1770 1408 1810 cornone
1426 1756 1486 1809 cita
1498 1755 1566 1822 snit.

957 1840 1047 1897 Serteit
1063 1840 1212 1911 honorifice
1228 1839 1261 1895 de
1277 1842 1381 1896 mancha
1398 1841 1446 1895 iiie
1461 1841 1604 1908 ministris,

990 1928 1052 1983 Nos
1069 1928 1243 1998 Evangelion
1260 1929 1309 1997 gni
1326 1927 1441 1982 ἀοσιιινι
1457 1943 1572 1982 sacrnm.

957 2014 1013 2069 Hic
1031 2015 1127 2068 varias
1142 2019 1249 2085 gentes,
1266 2014 1368 2068 multas
1384 2015 1429 2068 hic
1445 2012 1554 2069 oiderot
1569 2013 1657 2080 arba,
1718 2053 1723 2068 .

990 2100 1146 2169 Praecipua
1163 2115 1251 2154 mores
1268 2099 1422 2169 Anglica¹J
1441 2105 1515 2154 terra
1533 2105 1601 2155 tnos.

957 2186 1148 2253 Feminam)
1164 2185 1259 2240 dontio
1272 2185 1384 2252 juvenis
1398 2186 1525 2254 pervenit
1541 2183 1580 2239 ad
1596 2186 1695 2253 terbum,

991 2272 1122 2327 Doctoris
1140 2273 1250 2327 titulum
1266 2273 1363 2326 retulit
1378 2271 1450 2325 ande
1467 2271 1583 2326 domam

958 2359 1033 2412 Hinc
1048 2358 1122 2412 redit
1138 2360 1168 2412 in
1181 2359 1306 2428 patiam
1323 2359 1411 2412 muita
1428 2375 1487 2412 cnm
1503 2358 1599 2424 lande,
1622 2375 1729 2413 reverso

993 2444 1122 2499 Collibnit
1132 2444 1246 2511 jnoencs
1262 2452 1338 2499 recta
1356 2444 1450 2498 docem
1468 2444 1557 2500 medes.

962 2530 1079 2584 Tandem
1097 2533 1243 2585 manans
1262 2531 1448 2601 Marpnrgant
1465 2532 1551 2597 oenit,
1568 2531 1692 2600 Ephesia

994 2618 1043 2672 Ea
1061 2618 1189 2686 Physicis
1205 2623 1333 2687 satagens
1351 2616 1459 2671 tradere
1476 2618 1564 2672 maha
1581 2617 1666 2671 istrie.

961 2705 1066 2759 Gratata
1086 2710 1146 2758 erat
1162 2703 1279 2769 conctis,
1299 2703 1380 2772 longo
1398 2701 1575 2772 diprrissimns
1591 2717 1668 2770 aeoo,

994 2790 1048 2845 Sed
1066 2790 1173 2844 Parcae
1190 2790 1347 2855 obsaoant,
1363 2804 1440 2858 quem
1457 2795 1576 2844 stateem
1594 2788 1671 2843 dicia,

959 2877 1054 2946 Ipsina
1072 2877 1116 2930 hic
1132 2891 1233 2945 corpas
1249 2873 1342 2944 polida
1358 2876 1453 2929 teilone
1470 2881 1618 2944 repostam,

996 2961 1146 3032 Conspecta
1157 2961 1268 3030 fruitur
1283 2976 1358 3015 meria
1373 2976 1505 3030 gemmoso
1521 2961 1583 3014 Dei.

1177 3171 1363 3254 Georgius
1391 3171 1533 3238 Marius

1244 3289 1313 3344 alias
1330 3290 1453 3359 Mejerns

572 3413 733 3496 Herbipoli
761 3413 929 3479 Orientalis
957 3414 1107 3478 Franciae
1142 3411 1218 3477 urhe
1249 3410 1399 3491 primaria
1430 3415 1523 3476 natus
1559 3428 1641 3477 anno
1669 3410 1871 3479 Momm
1880 3414 1927 3496 ⁴),
1961 3431 2056 3497 qnnm
2082 3431 2153 3481 sese
2179 3415 2213 3481 in

480 3510 697 3594 Philosophiae
713 3517 747 3577 et
760 3511 901 3577 Medicas
921 3513 1001 3576 artis
1021 3512 1125 3576 sinum
1146 3529 1166 3575 e
1186 3509 1294 3591 primis
1314 3509 1429 3573 aetatis
1451 3510 1640 3593 temporibus
1660 3512 1823 3578 voluntate
1840 3512 2006 3596 studioque
2023 3514 2214 3597 contulisset,

480 3612 521 3677 ab
542 3612 601 3678 hoc
620 3611 707 3676 fonte
727 3611 769 3676 ad
789 3610 949 3674 hominum
968 3609 1084 3675 famam
1104 3608 1252 3691 profluxit
1264 3609 1319 3690 ite,
1340 3611 1377 3672 ut
1390 3608 1562 3675 eruditione
1575 3615 1609 3676 et
1621 3627 1724 3676 rernm
1739 3629 1801 3678 nsu
1815 3612 1994 3679 notissimus
2007 3612 2214 3695 Norimbargn

479 3715 701 3775 accerseretur.
759 3708 953 3790 Stipendium
991 3709 1100 3790 itaque
1133 3712 1244 3790 pactus
1280 3707 1444 3773 honestum
1479 3726 1606 3791 operam
1639 3728 1729 3776 suam
1756 3711 1824 3777 XV.
1846 3711 1925 3778 Nor.
1955 3729 2039 3778 anno
2063 3710 2214 3780 MDLXV

482 3808 668 3876 Academiae
688 3810 720 3875 in
740 3808 879 3875 docenda
899 3812 971 3873 arte
990 3807 1114 3874 Medica
1135 3808 1286 3874 collocare
1312 3808 1414 3890 coepit
1439 3808 1582 3875 Rectoris
1612 3810 1708 3876 etiarn
1729 3807 1883 3893 dignitate
1903 3810 2036 3879 triennio
2056 3816 2130 3895 post
2148 3809 2213 3877 Gnh

483 3909 546 3976 Jnl.
569 3914 687 3975 auctus.
730 3907 812 3974 Hinc
832 3908 865 3972 in
887 3906 991 3973 aulam
1009 3907 1165 3973 Wilhelmi
1184 3907 1357 3973 Hessorum
1377 3908 1530 3990 Principis
1550 3914 1680 3977 vocatus
1694 3910 1895 3976 Archintrum
1916 3912 2030 3994 egion.
2072 3910 2214 3976 Tandem

482 4008 560 4074 coeli
578 4009 672 4074 ctiam
692 4008 784 4091 hujns
803 4011 967 4090 pertaesus
988 4024 1025 4073 ac
1045 4007 1104 4073 soli
1123 4006 1329 4088 Norihcrgam
1347 4007 1452 4090 rediit,
1473 4007 1668 4091 Medicinam,
1688 4010 1776 4093 cuius
1790 4014 1860 4076 erat
1874 4009 2090 4093 peritissimus,
2110 4009 2213 4076 isthuc

481 4108 638 4191 tacturus,
658 4109 790 4191 iduum)
811 4124 873 4173 non
894 4107 961 4172 sine
982 4106 1083 4173 laude.
1126 4108 1196 4186 Qua
1217 4112 1379 4190 permotus
1401 4106 1576 4189 Septemvir
1593 4107 1757 4175 Palatinus
1777 4108 1953 4175 Ludoricns
1972 4108 2213 4190 Heidelbergnm

483 4198 752 4290 revocantium,
771 4206 825 4274 ubi
839 4206 963 4272 demum
977 4226 1094 4272 annum
1107 4206 1346 4294 agensILXXIII
1360 4206 1574 4290 dieVMartii,
1596 4212 1663 4272 tum
1675 4212 1819 4291 senecta,
1838 4227 1920 4292 quae
1940 4213 1973 4275 et
1986 4208 2055 4292 ipsa
2073 4208 2212 4291 morbus,

484 4314 551 4373 tum
569 4308 703 4391 phthisi,
732 4305 899 4373 diarrhoea
924 4306 1106 4384 accedente,
1135 4304 1292 4373 coniectus
1314 4304 1379 4371 vite
1400 4305 1590 4388 defungitur.
1630 4307 1680 4372 De
1707 4308 1833 4391 scriptis
1863 4308 1931 4391 ajin
1959 4313 2087 4375 exstent
2110 4328 2212 4390 pora·

484 4408 641 4490 tigeomena
666 4415 696 4474 et
721 4406 919 4491 marptnazta
939 4406 1160 4473 hortalanica:
1190 4408 1226 4472 in
1252 4404 1453 4471 Judaecrnm
1480 4407 1744 4473 niedicastrornm
1771 4407 1950 4475 ealnnmias
1979 4413 2010 4475 et
2031 4407 2211 4488 homicidia,

477 4528 543 4589 pro
570 4506 766 4574 Christianis
785 4509 849 4589 pia
875 4495 1070 4573 exhortatio:
1099 4506 1148 4573 eui
1177 4506 1328 4588 adjuncta
1355 4504 1478 4572 Satara
1505 4508 1542 4572 in
1568 4506 1747 4572 calumnias
1771 4506 1894 4575 Jndaei
1914 4506 2077 4575 Maedica:
2109 4523 2148 4572 no
2172 4506 2212 4574 de

587 4695 612 4759 1)
630 4692 720 4747 Locus
735 4693 865 4761 imaginis.

582 4780 611 4843 2)
629 4776 683 4832 Dil.
701 4778 770 4832 falso
788 4778 891 4847 Amplia
908 4779 1025 4847 scripsit

582 4866 610 4926 3)
630 4862 704 4929 Quae
722 4869 871 4931 sequuntur
888 4879 973 4933 usqne
992 4864 1026 4918 ad
1045 4863 1126 4917 finem
1143 4863 1269 4917 carminis
1288 4863 1315 4917 in
1334 4865 1434 4933 pagina
1448 4864 1616 4933 agglutinata
1634 4863 1785 4934 perscripta
1803 4867 1873 4919 sunt.

582 4953 611 5013 4)
630 4948 736 5004 Annum
754 4964 789 5003 ex
804 4948 902 5004 Ademi
919 4950 1001 5018 libro,
1020 4955 1051 5004 ut
1069 4947 1189 5013 ridetur,
1209 4948 1360 5005 desomnem
1376 4951 1405 5005 in
1422 4950 1542 5019 margine
1563 4949 1668 5004 eddidit
1685 4948 1740 5003 Dil.

581 5037 610 5100 ὁ)
629 5034 688 5090 Hoc
712 5050 746 5089 ex
767 5034 872 5089 Adamo
896 5034 925 5090 in
947 5036 1066 5104 margine
1090 5034 1234 5105 adscripsit
1258 5034 1326 5104 nih,
1364 5036 1436 5092 unde
1455 5040 1602 5090 commotus
1627 5041 1683 5099 est,
1711 5040 1743 5090 ut
1766 5031 1970 5102 imoquentihns
1992 5046 2100 5103 quoqne
2122 5033 2211 5089 verbis

484 5122 595 5194 proprie
614 5120 648 5175 ed
666 5121 842 5190 Merpnrgnm
861 5119 1009 5176 referendis
1026 5127 1122 5190 postea
1139 5120 1271 5175 insereret
1288 5123 1377 5176 ctiam
1413 5120 1481 5175 Rem
1499 5120 1587 5190 ipsam
1604 5127 1687 5191 negat
1704 5118 1824 5175 Strieder
1842 5117 1918 5188 Vlll,
1935 5135 1963 5187 p.
1982 5121 2042 5176 229.

581 5210 610 5271 6)
629 5206 721 5261 Verba
743 5204 825 5280 idque
849 5237 882 5246 -
912 5208 1057 5263 remman
1082 5206 1238 5261 (immania
1269 5206 1297 5262 in
1326 5205 1427 5277 pagine
1457 5206 1625 5277 agglutinata
1655 5206 1760 5262 Ademo
1793 5209 1903 5260 anctore
1934 5202 2028 5259 addite
2057 5210 2130 5275 snnt,
2165 5204 2212 5275 qni

483 5299 638 5349 renotatam
655 5292 864 5361 Heidelbergam
883 5291 961 5362 dicit,
980 5291 1052 5361 qnod
1071 5302 1149 5348 antea
1159 5291 1360 5362 Heidelbergne
1377 5308 1438 5348 enm
1453 5292 1579 5349 docuisse
1591 5292 1749 5348 tradiderm
1785 5290 1919 5346 Pistorins
1935 5288 2052 5346 Marium
2063 5289 2211 5362 Marpurgo

484 5379 576 5434 stedm
594 5377 802 5447 Heidelbergem
818 5377 959 5433 nensiisse
977 5384 1005 5432 et
1025 5376 1193 5445 wirceburgi
1212 5383 1347 5433 mortnnm
1364 5393 1426 5434 esse
1441 5383 1542 5435 namt
1584 5376 1704 5446 Quanam
1727 5380 1761 5432 de
1785 5392 1868 5433 cansa
1891 5375 2039 5447 Mnrpurgo
2057 5376 2214 5434 dimerit

484 5480 509 5520 a.
528 5465 594 5519 1575
610 5479 655 5530 ce,
680 5478 750 5533 qnae
773 5481 790 5519 e
808 5463 945 5519 Striedero
962 5464 979 5519 l.
998 5463 1015 5517 l.
1033 5464 1216 5533 proteruntur,
1241 5462 1369 5519 indicant.
1418 5463 1498 5519 Diem
1521 5476 1676 5534 supremum
1693 5480 1727 5522 m
1744 5462 1836 5520 Martii
1853 5468 1990 5534 cetarum,
2013 5479 2067 5520 non
2091 5464 2211 5534 quintam

485 5549 581 5620 fflsse,
602 5549 688 5604 Willii
706 5549 821 5616 (Nitrnb.
839 5549 896 5604 Geh
915 5550 980 5604 Lex.
999 5550 1035 5614 ii,
1054 5566 1080 5619 p.
1099 5552 1162 5615 557)
1176 5548 1220 5604 rel
1238 5549 1398 5619 typothetae
1415 5565 1491 5606 error
1508 5556 1557 5605 est.
