5409 7267
963 1217 1027 1274 Hos
1044 1217 1271 1273 Heisternsonnus
1287 1216 1395 1282 nultus,
1412 1216 1479 1271 baec
1497 1232 1548 1273 ora
1563 1218 1680 1287 poeebat,

997 1303 1108 1374 Hospes
1125 1305 1155 1357 in
1172 1302 1314 1358 Hasuaeo
1330 1317 1391 1358 cun
1408 1317 1496 1357 noma
1513 1303 1579 1358 urbe
1591 1304 1676 1372 soret.

962 1391 989 1443 A
1005 1390 1112 1456 adrolo,
1130 1405 1200 1459 quae
1211 1388 1322 1455 juvenis
1339 1393 1444 1444 terreros
1455 1389 1627 1447 instruxerat
1639 1404 1734 1457 muros,

997 1476 1122 1530 Miratur
1139 1474 1247 1529 reducis
1264 1471 1339 1529 dono
1357 1474 1438 1529 beata
1455 1475 1517 1528 oiri.

965 1563 1070 1633 Quiesce
1087 1562 1170 1617 cliens
1182 1562 1295 1629 suerat,
1315 1577 1412 1615 nonen
1430 1560 1508 1616 daca
1525 1576 1582 1617 eece
1598 1566 1716 1617 naeus

996 1650 1031 1703 In
1042 1648 1118 1716 juris
1131 1647 1221 1719 fipens
1237 1648 1316 1703 clora
1333 1649 1468 1717 aopboeo
1482 1648 1559 1715 soro.

963 1735 1025 1790 Hoc
1042 1735 1087 1789 illi
1103 1734 1192 1789 omis
1205 1725 1293 1804 porta
1309 1735 1481 1802 experientia
1497 1734 1577 1789 rebus

996 1822 1143 1876 Praestitit
1159 1822 1190 1876 in
1205 1821 1316 1889 quaeis,
1339 1836 1420 1889 worn
1435 1821 1515 1890 parit
1532 1826 1592 1876 arte
1609 1818 1697 1875 demea

960 1909 1063 1975 Danu
1081 1908 1170 1977 icitur
1189 1908 1276 1964 uras
1295 1908 1383 1977 lepurn
1400 1906 1526 1963 caduca
1544 1906 1699 1976 triumphos

998 1995 1112 2061 Oorrcio,
1129 2010 1193 2049 narn
1209 2010 1321 2048 coussos
1335 1994 1401 2062 sors
1419 1995 1479 2063 opit
1496 2009 1583 2062 moseo
1602 2000 1673 2061 tuas,

962 2081 994 2136 Si
1008 2080 1090 2136 modo
1107 2083 1188 2151 norro
1205 2081 1282 2136 ducis
1297 2079 1369 2151 pede
1386 2096 1441 2135 non
1460 2080 1592 2135 titubante
1609 2086 1716 2136 suana

996 2169 1052 2222 Per
1070 2166 1144 2223 codo
1160 2167 1277 2223 malitiae
1296 2174 1362 2238 typo
1374 2167 1500 2236 forensis
1517 2181 1571 2221 eas.

481 2253 543 2318 Sed
564 2271 663 2319 annus
685 2272 704 2318 a
727 2254 864 2318 muneris
885 2253 1045 2319 functione
1065 2262 1213 2334 quartus,
1249 2254 1341 2337 qui‘)
1362 2254 1645 2319 Heistermonnunr
1665 2253 1850 2320 Academiae
1870 2255 2034 2320 Rectorem
2054 2256 2086 2319 in
2109 2255 2214 2321 Solmii

481 2353 612 2419 Comitis
633 2353 735 2418 locum
755 2358 931 2435 cooptatum
946 2355 1079 2434 viderat,
1101 2372 1222 2419 omnem
1237 2372 1325 2435 spem
1343 2358 1441 2434 atque
1458 2353 1562 2418 omnia
1576 2353 1659 2419 vitae
1678 2354 1808 2420 consilia
1821 2360 2023 2435 praematura
2036 2360 2137 2420 morte
2150 2355 2214 2421 suis

481 2454 624 2519 luctuosa
641 2452 778 2518 ethonis
793 2452 934 2519 omnibns
947 2455 1036 2536 gravi
1051 2454 1212 2535 pervertit.
1245 2453 1332 2518 Obiit
1346 2454 1427 2518 enim
1442 2452 1490 2517 die
1500 2453 1692 2534 Septembris
1706 2454 1884 2519 duodecima
1897 2453 2215 2537 annoMDLXIlX³)‚

480 2571 548 2618 cum
571 2571 685 2617 annum
707 2553 821 2617 aetatis
843 2554 894 2617 vix
912 2559 1022 2634 ageret
1043 2553 1245 2633 trigesimum,
1267 2571 1304 2617 ac
1322 2553 1355 2617 in
1372 2552 1488 2633 templo
1507 2551 1569 2617 fuit
1583 2553 1735 2633 sepultus.
1768 2554 2057 2618 Parentaruntviro
2070 2553 2214 2619 omnibns

480 2652 657 2717 desiderato
671 2653 783 2717 Justus
797 2652 942 2733 Vultejns
960 2659 993 2717 et
1006 2653 1162 2733 Paganus.
1205 2651 1348 2732 Nigidius
1371 2652 1465 2716 etiam
1483 2651 1628 2716 naeniam
1647 2651 1806 2717 funebrem
1827 2652 1875 2718 his
1895 2652 2049 2734 expressit
2071 2652 2214 2718 versibus

961 2751 1189 2807 Heistermannas
1207 2756 1267 2805 erat
1285 2752 1360 2805 sacri
1376 2766 1449 2805 nono
1468 2751 1559 2822 plorio
1572 2749 1655 2819 juris,

995 2838 1118 2906 Eloquia
1136 2837 1242 2902 clarus,
1260 2837 1437 2905 consiliisque
1451 2842 1557 2905 potens.

962 2923 1016 2978 Sed
1032 2939 1095 2992 spes
1113 2939 1129 2977 o
1147 2924 1286 2977 bannimus
1305 2924 1445 2989 coriw),
1463 2938 1479 2976 o
1496 2921 1603 2992 paudio
1620 2925 1707 2976 oona!
1818 2965 1821 2975 .

996 3008 1119 3064 Abstulit
1135 3010 1207 3062 bunc
1221 3024 1347 3078 propera
1366 3008 1459 3063 Pareo
1475 3008 1598 3077 molipno
1614 3023 1704 3061 mareu.

961 3096 1117 3165 Dissipatis
1127 3096 1189 3164 suit
1205 3102 1347 3165 acceptus,
1365 3112 1434 3164 quos
1445 3094 1516 3162 ¹iuro
1533 3094 1654 3160 docebat,

996 3181 1080 3237 Huree
1097 3182 1182 3237 veluti
1194 3183 1345 3252 proprium
1364 3198 1428 3237 nam
1445 3181 1551 3237 coluere
1562 3186 1679 3251 patrna

962 3269 1049 3323 Neruo
1063 3268 1138 3337 suit,
1157 3268 1205 3338 qui
1221 3284 1277 3323 non
1294 3270 1409 3324 virtutes
1422 3268 1523 3336 fautor
1540 3273 1653 3333 amaret,

995 3354 1030 3408 In
1049 3360 1124 3408 tanto
1144 3369 1264 3409 summae
1281 3370 1352 3424 quoe
1369 3356 1475 3411 nituere
1490 3354 1559 3409 oiro.

964 3440 1061 3509 φιιίῡ),
1081 3441 1107 3491 si
1118 3439 1186 3505 soto
1203 3440 1247 3492 illi
1261 3440 1328 3509 plus
1348 3440 1478 3508 ternporis
1488 3455 1577 3507 aequo
1588 3437 1732 3504 dedissent,

996 3525 1128 3579 Pluribus
1145 3526 1215 3578 banc
1229 3531 1343 3594 poterat
1360 3525 1540 3580 condecorare
1555 3524 1683 3580 sobolom.

1118 3756 1346 3822 Valentinus
1372 3755 1575 3822 Forsterns

1259 3855 1285 3911 J.
1307 3855 1341 3911 u.
1362 3854 1434 3924 a«)

579 3973 772 4071 Witteberga
793 3974 957 4058 oriundus,
988 3977 1144 4058 exquisita
1174 3977 1315 4043 doctrina
1342 3981 1375 4040 et
1396 3974 1548 4057 singulari
1567 3974 1721 4041 industria
1743 3974 1806 4057 sir,
1836 3973 1919 4057 quod
1940 3973 2072 4057 scripta,
2100 3974 2211 4058 quibus

481 4091 637 4156 nunquam
665 4074 931 4140 intermorituram
958 4076 1090 4143 nominis
1118 4076 1234 4143 lamam
1261 4077 1388 4159 collegit
1416 4076 1493 4157 sibi,
1525 4074 1694 4140 ostendunt
1722 4072 1894 4157 praecipue.
1947 4072 2007 4139 Hic
2034 4072 2212 4141 Brunoniae

479 4174 613 4256 primum
635 4172 714 4238 Daci
742 4192 761 4238 a
783 4172 917 4240 consiliis
940 4175 1093 4258 isthicque
1120 4177 1256 4242 locorum
1281 4175 1391 4258 judicii
1420 4193 1548 4257 praeses
1574 4174 1614 4240 ab
1642 4174 1804 4240 Illustriss.
1831 4170 2002 4241 Hessorum
2020 4172 2211 4256 Principibus

480 4273 559 4338 hanc
588 4273 618 4336 in
649 4271 846 4339 Academiam
878 4273 918 4339 ab
955 4273 1043 4340 obitu
1072 4274 1305 4342 Heistermanni
1334 4294 1417 4341 anno
1441 4273 1608 4340 MDLXIX
1635 4274 1685 4341 die
1710 4273 1783 4340 Feb.
1804 4274 1850 4340 IX
1885 4274 2023 4339 omnium
2059 4273 2211 4357 applausu
2293 4357 2297 4370 ,

478 4377 640 4452 evocatur,
664 4377 700 4436 nt
720 4372 933 4439 Antecessoris
954 4392 1067 4439 munus
1090 4376 1268 4442 sustineret.
1311 4377 1357 4441 Ac
1384 4394 1455 4441 cum
1483 4372 1663 4441 decennium
1681 4374 1763 4439 duic
1788 4372 1975 4455 praefuisset
1994 4373 2210 4455 provinciae')

578 4598 602 4663 1)
621 4595 665 4649 Sic
683 4594 756 4661 cod.;
774 4595 945 4651 scribendum
962 4595 1068 4651 videtur
1087 4596 1146 4652 duc.
1170 4627 1204 4637 -
1232 4600 1259 4666 2)
1279 4599 1372 4667 Imago
1390 4598 1600 4653 Heistermanni

580 4684 605 4748 3)
623 4682 772 4750 Freherus‚
791 4683 838 4750 qui
857 4684 884 4738 in
901 4683 1009 4737 theatro
1027 4683 1074 4737 vir.
1093 4682 1168 4739 erud.
1186 4684 1382 4741 conscribendo
1399 4685 1452 4741 hoc
1468 4683 1582 4739 Diliehii
1600 4682 1671 4738 libro
1688 4688 1825 4750 deusest,
1843 4698 1893 4750 per
1908 4683 2002 4736 miram
2021 4680 2210 4750 negligentiam

480 4766 565 4822 edidit
584 4784 607 4821 a.
631 4771 704 4822 1618.
1264 4802 1266 4805 -

577 4856 607 4922 4)
624 4854 669 4910 Sic
687 4854 741 4909 Dil.
763 4854 883 4924 scripsit,
908 4854 1031 4923 Nigidius
1050 4854 1111 4923 ipse
1128 4871 1224 4910 omas.
1247 4885 1278 4895 -
1302 4856 1333 4926 ὁ)
1349 4855 1432 4925 Apud
1448 4854 1588 4925 Nigidium
1605 4859 1694 4910 exsta
1712 4852 1824 4924 Quodn

579 4943 608 5007 6)
627 4940 747 4995 Forsteri
765 4941 819 4995 vita
836 4957 853 4995 a
871 4940 935 4995 liliis
946 4941 1101 5009 conscripta
1114 4942 1332 4998 commentationi
1349 4944 1409 5013 ejus
1427 4942 1462 4998 de
1478 4941 1664 5008 jurisdictione
1681 4941 1804 4997 Romana
1820 4936 1981 4994 Helmstadii
2000 4940 2105 4992 aldio
2123 4936 2211 4993 editae

480 5027 630 5094 praemissa
650 5034 699 5082 est.
736 5026 811 5093 Quae
829 5026 964 5082 Diliehius
982 5027 1107 5097 exhibet,
1126 5043 1160 5082 ox
1172 5027 1244 5083 Albo
1262 5027 1420 5083 academico
1438 5028 1564 5083 desrnnta
1579 5026 1711 5099 ridenmr,
1728 5028 1768 5081 ita
1785 5033 1874 5080 tamen
1892 5030 1923 5079 ut
1937 5022 2066 5078 nonnulla
2084 5037 2146 5077 enm
2158 5040 2212 5079 non

480 5118 554 5167 recte
573 5114 741 5168 intellexisse
758 5120 898 5182 appareat.
933 5113 1003 5169 Nam
1022 5130 1083 5168 cnm
1100 5113 1129 5168 in
1146 5113 1218 5170 Albo
1235 5114 1270 5170 ad
1289 5130 1313 5169 a
1332 5114 1492 5169 MDLXXX
1508 5112 1577 5169 haee
1591 5112 1730 5183 legentur:
1758 5112 1794 5167 In
1810 5112 1893 5167 buius
1911 5109 2057 5181 [Forsteri]
2076 5109 2164 5165 barn
2181 5111 2212 5166 in

464 5199 532 5265 „bac
545 5200 743 5270 Morpuryensi
753 5199 904 5254 Aeadnnio
921 5240 927 5253 .
945 5240 951 5253 .
970 5240 976 5253 .
993 5200 1095 5255 Rector
1104 5201 1238 5269 salernu
1249 5207 1301 5267 est,
1319 5202 1365 5255 eui
1381 5202 1509 5257 summit
1521 5199 1636 5255 Gloria.
1647 5199 1685 5253 D.
1695 5196 1858 5253 Bernartius
1872 5195 1974 5265 Gopius
1979 5235 1988 5263 ,
2005 5211 2059 5250 non
2069 5195 2212 5251 Forsterns

479 5287 540 5355 ipse
559 5300 591 5340 eo
609 5301 679 5341 anno
697 5291 861 5341 rectoratum
885 5286 1002 5355 gessisse
1029 5285 1180 5341 censendus
1205 5292 1274 5356 est„
1293 5287 1342 5341 sed
1366 5286 1507 5356 Regem
1531 5284 1664 5352 Siminina,
1692 5284 1738 5354 qni
1762 5288 1884 5352 tempore
1909 5281 2028 5350 legitimo
2051 5288 2213 5337 rectoratam

480 5370 710 5440 adoraturum
727 5371 849 5441 primarii
867 5371 970 5439 Legum
985 5371 1148 5441 professoris
1165 5363 1293 5428 Fonteio
1311 5379 1393 5428 antea
1412 5371 1603 5429 demandamus
1620 5370 1754 5439 sucepit,
1779 5376 1862 5437 atque
1880 5368 1941 5424 ains
1958 5366 2094 5423 inlocum
2111 5367 2212 5437 Copins

480 5457 629 5528 smeesut,
656 5458 703 5525 qui
724 5464 804 5514 mtea
826 5472 940 5526 graecas
963 5457 1068 5514 litteren
1088 5458 1311 5529 philosophorum
1343 5460 1372 5514 in
1402 5474 1513 5516 nnmero
1539 5457 1676 5514 docuerat.
1716 5455 1797 5511 Falso
1821 5455 1903 5523 igitru
1921 5453 1978 5510 Dil
1996 5452 2152 5512 Forsterum
2170 5454 2212 5508 bis

479 5550 617 5599 rectorem
636 5542 755 5597 iunctum
775 5543 854 5612 dicit,
878 5561 940 5600 curn
957 5544 1041 5599 semel
1057 5551 1160 5599 tanturn
1178 5562 1202 5600 a
1221 5545 1368 5599 Munxxl
1386 5546 1457 5600 hune
1475 5544 1660 5614 mensuatim
1682 5542 1815 5614 asserit,
1839 5540 1988 5609 eodemque
2006 5539 2070 5596 vitio
2087 5540 2213 5596 laborant

480 5631 597 5699 quaein
615 5629 761 5685 Rectornm
780 5630 906 5700 catalogo
924 5629 959 5685 ad
976 5647 1002 5688 a
1019 5630 1177 5687 MDLXXX
1194 5632 1356 5688 misemtm.
1391 5661 1424 5670 -
1458 5630 1489 5701 l)
1507 5629 1641 5686 omissam
1659 5627 1765 5686 videtur
1782 5635 1814 5683 et
