5409 7267
1137 1275 1364 1343 Gotofredus
1391 1275 1557 1340 Antonii.

576 1425 840 1510 Ihdndenbergae
853 1427 880 1509 ¹)
912 1425 1124 1508 Westphaliee
1152 1426 1299 1509 oppidulo
1334 1431 1430 1492 natus
1461 1444 1544 1492 anno
1573 1424 1739 1492 MDLXXI
1766 1425 1863 1494 Petro
1893 1429 2024 1495 Antonii
2059 1436 2152 1513 patre
2185 1439 2217 1498 et

478 1525 649 1592 Francisca
669 1523 809 1592 hischeri
829 1525 1008 1592 Mendcnsis
1020 1526 1050 1608 ²)
1082 1524 1225 1591 Consulis
1245 1524 1310 1591 filia
1337 1525 1445 1607 primis
1468 1525 1644 1591 studiorum
1665 1525 1875 1593 fundamentis
1895 1527 2024 1611 Undae,
2051 1530 2086 1595 in
2106 1530 2217 1614 oppido

479 1625 578 1706 Ham,
600 1630 633 1691 ct
645 1624 751 1691 Susati
771 1626 893 1708 poeltis,
915 1644 1012 1708 quum
1024 1626 1059 1691 in
1078 1643 1176 1707 puero
1190 1624 1240 1691 vel
1256 1625 1422 1708 praecipue
1440 1624 1557 1706 ingenii
1577 1624 1753 1691 immineret
1774 1626 1923 1695 alacritas
1942 1633 1976 1695 et
1995 1630 2218 1712 promptitudo,

481 1742 583 1792 annos
605 1730 729 1791 tantum
748 1731 845 1791 natus
863 1725 910 1791 XI
937 1725 1113 1808 aquodam
1141 1724 1238 1790 nobili
1265 1724 1467 1790 instituendis
1494 1723 1601 1790 liberis
1628 1724 1805 1791 adhibetur.
1855 1728 1958 1811 Atque
1985 1728 2066 1795 hanc
2094 1730 2219 1811 quidem

481 1824 730 1908 expectationem
757 1824 804 1890 ita
831 1824 1000 1906 sustinuit,
1033 1829 1070 1890 ut
1102 1824 1241 1890 animum
1269 1824 1309 1889 ab
1341 1824 1424 1890 omni
1450 1824 1513 1890 alia
1543 1824 1733 1907 cogitatione
1763 1826 1805 1891 ad
1834 1827 2002 1910 disprulos
2026 1829 2148 1895 arthus
2177 1829 2219 1895 ad

480 1924 707 1991 humanitatem
729 1924 940 1992 informandos
962 1923 1145 1990 traduceret
1169 1925 1353 2007 praecipue,
1386 1924 1611 2006 duodecimque
1639 1942 1737 1991 annos
1767 1925 1848 1993 hanc
1874 1926 1907 1992 in
1933 1946 2000 1993 rem
2027 1928 2220 2012 impenderet

481 2025 638 2108 privatim.
680 2025 723 2090 At
746 2024 944 2107 postmodum
971 2042 1041 2090 cum
1069 2024 1179 2090 iisdem
1206 2022 1411 2106 Marpurgum
1441 2042 1522 2090 anno
1547 2023 1709 2106 Mncnr)
1741 2025 1818 2091 nihil
1846 2027 1970 2092 omnino
1998 2026 2072 2095 fecit
2098 2028 2220 2110 reliqui

482 2124 565 2207 quod
593 2124 719 2205 quidem
754 2123 794 2189 ad
830 2125 960 2207 artium,
991 2124 1135 2206 jurisque
1166 2123 1308 2204 inprimis
1343 2123 1539 2205 disciplinam
1547 2123 1577 2205 ⁴)
1612 2123 1772 2190 attIneret.
1830 2125 1969 2208 Ideoque
2000 2143 2018 2191 e
2054 2127 2221 2194 domestica

482 2224 707 2290 exercitatione
728 2228 761 2290 et
781 2224 939 2289 umbratili
968 2224 1102 2290 medium
1132 2224 1165 2288 in
1192 2240 1306 2306 agmen
1336 2227 1369 2289 et
1398 2222 1558 2306 pulverem
1588 2242 1774 2305 progressus
1801 2225 1895 2291 subiit
1924 2227 2100 2309 comprimis
2128 2245 2220 2294 usum

482 2325 628 2406 viresque
649 2323 766 2406 ingenii
786 2324 819 2388 in
837 2323 1095 2406 iurisperitorum
1118 2322 1255 2404 collegiis
1270 2321 1458 2405 disputando
1479 2341 1516 2388 ac
1535 2323 1745 2404 praesidendo
1766 2324 1964 2406 perichtatus
1985 2332 2034 2392 est
2053 2326 2219 2407 biennium,

483 2424 577 2507 idque
598 2424 734 2490 assiduis
755 2422 883 2506 studiis,
916 2439 1012 2506 opera
1034 2428 1130 2505 atque
1149 2422 1305 2488 industria
1325 2421 1443 2503 effecit,
1472 2427 1508 2487 ut
1526 2440 1580 2487 eas
1601 2421 1747 2489 fortunae
1773 2429 1806 2489 et
1832 2424 1998 2507 dignitatis
2028 2427 2221 2493 accessiones

485 2530 745 2606 consequeretur,
777 2541 858 2605 qnae
885 2523 1038 2605 ejdemodi
1063 2522 1173 2588 virtuti
1188 2526 1233 2587 *et
1255 2520 1425 2587 eruditioni
1444 2520 1643 2588 deberentur.
1693 2522 1774 2588 Nam
1802 2542 1866 2589 non
1895 2524 1994 2591 solum
2020 2526 2165 2593 Doctoris
2189 2527 2222 2592 in

484 2630 618 2705 utroque
637 2624 708 2705 jnre
728 2624 819 2689 titulo
840 2622 1017 2706 aPhilippo
1038 2621 1214 2703 Matthaeo,
1245 2639 1341 2686 uxore
1369 2621 1498 2703 insuper
1520 2620 1613 2688 ducta
1632 2621 1818 2688 Ehzabetha
1840 2622 1963 2689 conrad
1986 2624 2114 2691 Pistorii
2136 2624 2222 2692 lcrl

484 2723 566 2806 lilia,
586 2731 715 2789 ornatus
736 2729 785 2788 est
805 2728 839 2787 et
859 2727 968 2789 auctus
990 2721 1133 2788 Calendis
1154 2720 1231 2803 ipsis
1253 2720 1481 2786 Novembribus
1493 2722 1521 2802 ὗ)
1542 2739 1624 2787 anno
1640 2721 1779 2788 MDOIII
1794 2722 1961 2789 Goeddaeo
1985 2729 2168 2806 surrogatus
2189 2724 2222 2790 in

486 2823 739 2890 Institutionibus
760 2821 950 2904 explicandis
971 2821 1061 2887 XIIX
1083 2820 1222 2904 ejusdem
1243 2821 1359 2886 mensis
1382 2819 1525 2886 laborare
1552 2821 1655 2902 coepit
1683 2826 1842 2904 spectatae
1865 2822 1913 2887 vir
1933 2822 2126 2906 industriae,
2153 2842 2222 2891 cum

486 2922 561 2988 XVI
575 2923 683 2988 Octch.
706 2921 744 2988 de
760 2922 842 3005 juris
863 2920 1002 2986 canonici
1015 2919 1210 2986 authoritate
1226 2925 1406 3002 perorasset
1423 2925 1506 2985 ante.
1550 2919 1758 3002 caeteroquin
1779 2938 1847 2986 cum
1869 2921 1950 2987 inter
1970 2922 2047 2988 haec
2061 2922 2222 3007 Philippus

487 3022 668 3088 Matthaeus
689 3021 919 3087 Pandectarnm
940 3019 1105 3087 Professor
1125 3019 1206 3086 diem
1227 3020 1392 3086 clausisset
1412 3024 1598 3102 extremum,
1623 3019 1736 3085 harum
1766 3039 1875 3087 curam
1900 3020 2142 3105 habere-iussus
2163 3027 2223 3105 est,

488 3141 581 3206 quam
608 3123 703 3187 etiam
734 3123 765 3187 in
793 3138 909 3188 annum
938 3138 1036 3203 usque
1062 3119 1236 3203 proximum
1257 3119 1393 3186 MDGIV
1416 3119 1575 3186 sustinuit.
1618 3118 1707 3186 Tunc
1729 3120 1846 3186 etenim
1865 3138 1934 3192 cum
1954 3121 2121 3205 Tbeologis
2141 3121 2223 3187 ritus

488 3221 637 3304 quosdam
657 3221 890 3288 Ecclesiasticus
912 3221 1091 3286 immutatos
1113 3237 1208 3301 aegre
1228 3218 1401 3285 ferentibus
1423 3219 1566 3285 discessit
1588 3217 1747 3302 Giessam,
1768 3219 1822 3285 uhi
1844 3219 1939 3286 etiam
1960 3221 2095 3287 innova
2116 3220 2224 3288 schola

487 3321 670 3405 primarium
703 3320 832 3387 docendi
861 3338 972 3386 munus
1007 3319 1146 3400 suscepit
1183 3318 1367 3384 Academiae
1403 3318 1598 3400 postmodum
1631 3318 1820 3385 constitutus
1854 3319 1982 3401 insuper
2016 3320 2223 3388 Cancellarius

489 3428 523 3487 et
553 3423 672 3503 primus
701 3438 800 3485 novae
830 3418 1015 3484 Academiae
1042 3418 1164 3482 Rector.
1218 3416 1353 3482 Moritur
1381 3416 1507 3482 tandem
1545 3416 1658 3483 ibidem
1693 3436 1777 3484 anno
1806 3417 2009 3502 nffloxv1·)
2048 3420 2223 3503 podagricis

488 3520 659 3586 doloribus:

971 3615 1121 3679 Antonias,
1136 3614 1214 3683 secie
1230 3612 1398 3678 veneranda,
1411 3612 1487 3679 haris
1503 3613 1533 3667 ie
1550 3619 1610 3668 arte

1005 3700 1185 3769 Perspictum,
1205 3698 1301 3754 Cottae
1315 3715 1387 3769 pars
1404 3705 1592 3768 quotacunque
1608 3700 1723 3755 achalm
1831 3707 1838 3720 '

971 3787 1076 3841 ametis
1092 3787 1234 3856 ingenioso
1252 3787 1307 3841 eici
1323 3786 1440 3855 collegia
1453 3785 1548 3854 pubes,

1006 3873 1055 3927 Ee
1072 3888 1125 3940 quo
1141 3874 1263 3927 cicutrcc
1277 3873 1403 3941 praesia
1421 3871 1513 3927 laudis
1529 3873 1615 3928 habet.

491 4085 729 4096 ..--—-.....--——
733 4083 875 4091 —.—---.-

592 4204 620 4269 1)
638 4198 720 4269 Apud
727 4197 904 4267 Striederum,
911 4197 1072 4252 Feurhornii
1082 4197 1210 4252 cendone
1221 4195 1328 4251 funebri
1336 4202 1364 4251 et
1370 4194 1546 4265 Reinlringlrii
1556 4198 1623 4250 orat
1630 4202 1744 4264 parent,
1751 4195 1973 4265 qnamFreherus
1985 4212 2092 4267 quoqne
2101 4198 2224 4268 neglecto

493 4288 612 4343 Dilichic
638 4286 774 4354 sequitur,
799 4286 826 4339 in
850 4282 1028 4339 describenda
1050 4283 1163 4340 Antonii
1185 4280 1241 4337 rita
1263 4297 1353 4350 usum,
1378 4296 1476 4337 nomen
1500 4280 1623 4351 oppiduli
1649 4285 1691 4337 est
1714 4280 1922 4353 Μόψῳ
1955 4283 2171 4355 Senlrenhergius
2197 4284 2225 4339 in

493 4379 560 4428 orat.
580 4374 613 4427 de
632 4370 778 4426 commodis
794 4369 942 4439 jurisprud.
961 4369 1049 4425 studio
1066 4369 1101 4424 ah
1119 4367 1195 4424 acad.
1214 4368 1283 4424 Giss.
1301 4366 1844 4437 mshhabetsseuedeoarp,1>ist0rius
1862 4369 2079 4441 Frcaedederq.
2114 4371 2145 4424 ln
2163 4369 2225 4425 albo

492 4459 647 4515 academico
665 4458 810 4527 inscriptus
828 4462 871 4512 est
889 4456 1061 4525 Godefniiss
1076 4456 1192 4511 Antonii
1204 4454 1454 4525 Froeenberpenais
1471 4454 1661 4525 Weetplsalue,
1678 4452 1733 4508 alio
1751 4453 1813 4510 loco
1831 4453 2112 4527 Ehmdendcrqeneis
2129 4461 2224 4512 emtat.

592 4546 620 4614 2)
640 4547 657 4599 i.
676 4561 698 4599 e.
717 4542 874 4599 Mindensis.

498 4689 506 4710 ι
592 4632 621 4700 3)
639 4629 710 4697 Quid
728 4631 795 4686 haee
814 4629 877 4684 anni
896 4627 1000 4684 notatio
1018 4626 1071 4682 sihi
1088 4627 1165 4697 velit,
1189 4643 1244 4682 non
1262 4626 1436 4697 perspicitur,
1461 4641 1543 4694 quum
1564 4624 1674 4681 verbum
1698 4623 1795 4681 dee'sse
1812 4625 1943 4682 videatm.
1980 4626 2052 4682 Albo
2072 4626 2225 4683 academico

493 4718 682 4787 Marpnrgensi
700 4716 853 4785 adscriptus
871 4721 913 4770 est
930 4730 955 4770 a
968 4713 1194 4769 unxores—lv.

591 4804 622 4872 4)
637 4804 725 4857 Locus
743 4802 875 4871 imaginis.

592 4891 739 4960 epitetum
756 4890 885 4945 nonnulla
902 4888 1003 4945 omines
1022 4904 1083 4946 esse
1099 4890 1161 4959 ipsa
1177 4888 1320 4944 verborum
1337 4891 1474 4943 structum
1488 4883 1576 4941 docet
1608 4885 1756 4943 Praeterea
1774 4888 1911 4944 erroribus
1934 4886 2059 4944 laborant
2081 4902 2152 4957 quae
2171 4888 2224 4944 Dil.

493 4986 593 5035 damst.
628 4977 697 5032 Nam
715 4975 839 5031 Doctoris
860 4976 962 5030 honore
981 4980 1092 5030 ornatus
1109 4980 1152 5030 est
1163 4971 1334 5030 Godofredus
1342 4972 1456 5027 Antonii
1473 4971 1535 5041 ipso
1554 4972 1617 5028 albo
1636 4971 1791 5030 academice
1806 4979 1877 5031 teste
1887 4973 1944 5032 Gal.
1960 4974 2028 5031 Nos.
2040 4973 2225 5045 aunxcvl,

494 5065 522 5119 in
547 5079 685 5119 numerum
708 5063 894 5132 professorum
919 5068 1063 5131 cooptatus
1088 5061 1143 5115 Cal.
1168 5061 1243 5129 Sept.
1261 5075 1286 5114 a
1303 5058 1433 5127 MDClll,
1463 5064 1495 5113 ut
1512 5057 1612 5114 loanni
1637 5058 1783 5116 (ioeddaeo
1807 5060 1978 5133 succederet,
2002 5062 2045 5117 cui
2062 5061 2145 5130 paulo
2162 5068 2225 5117 ante

495 5150 691 5207 Pandectarum
709 5148 844 5218 professio
866 5148 994 5217 Philippo
1015 5147 1155 5203 Matthaeo
1173 5147 1271 5202 XVIII.
1288 5145 1358 5202 Julii
1379 5150 1486 5200 mortno
1511 5143 1672 5201 demandata
1695 5146 1791 5204 fuera
1831 5148 1922 5216 Atque
1940 5147 2140 5203 Institutionum
2164 5163 2225 5217 pro·

495 5236 640 5293 fessionem
664 5234 775 5291 retinuit
797 5248 884 5303 usque
903 5233 937 5289 ad
957 5250 981 5290 a.
998 5233 1117 5303 MDCV,
1141 5248 1195 5303 qao
1219 5248 1290 5289 anno
1313 5238 1429 5306 memte
1446 5230 1552 5287 (lissam
1576 5230 1708 5288 discessit
1743 5231 1910 5305 Quemquam
1931 5232 2066 5290 metans
2084 5247 2226 5304 quoquae

495 5322 555 5379 suis
569 5322 687 5378 fontibus
705 5320 777 5376 idem
795 5320 899 5388 hausit,
919 5317 1062 5391 quodDil.
1079 5319 1174 5390 habet,
1190 5317 1390 5375 Pandectarum
1404 5317 1600 5386 professionem
1612 5318 1731 5374 Antonio
1749 5317 1937 5376 demandatam
1953 5334 2028 5391 essa,
2046 5320 2125 5376 cuins
2141 5318 2181 5374 rei
2198 5317 2227 5373 in

495 5409 558 5465 albo
583 5407 739 5464 academico
760 5406 901 5475 vestigium
925 5422 979 5462 nen
1002 5406 1150 5475 reperimr3
1180 5421 1242 5461 nam
1259 5405 1320 5474 ipso
1345 5420 1369 5460 a
1386 5402 1492 5459 Mncv
1515 5401 1715 5460 Institutionum
1738 5404 1879 5473 professor
1903 5412 1997 5476 aperte
2021 5401 2120 5460 dicitur
2143 5420 2160 5458 a
2180 5402 2224 5457 Io.

496 5494 642 5552 Goeddseo
660 5494 788 5561 Rectore,
807 5492 854 5562 qui
872 5494 932 5562 ipse
949 5492 1021 5548 istud
1039 5507 1135 5547 munus
1152 5491 1292 5547 Matthaeo
1311 5493 1416 5546 mortno
1434 5494 1586 5559 acceperat.

595 5581 624 5649 6)
643 5580 727 5635 Immo
744 5586 864 5634 mortuus
881 5584 923 5635 est
940 5578 965 5634 d.
985 5578 1048 5635 XVI
1067 5578 1161 5634 Martii
1179 5594 1203 5634 a
1221 5576 1400 5636 MDGXVIII.
