5409 7267
1279 1156 1412 1221 ,Iustus
1439 1154 1610 1237 voltejus
1627 1159 1662 1238 ¹).

729 1342 842 1407 Justus
866 1341 1007 1425 Vultejus
1026 1343 1196 1423 Wetterae,
1218 1342 1331 1425 oppido
1344 1341 1477 1408 Hassiae
1499 1348 1644 1408 nontam
1667 1344 1728 1410 loci
1747 1345 1960 1427 amphtudine,
1979 1365 2075 1427 quam
2098 1348 2348 1415 doctissimorum

605 1443 753 1522 virorum,
774 1442 904 1522 quasin
927 1443 1011 1506 omni
1034 1441 1269 1524 disciphnarum
1290 1459 1403 1522 genere
1425 1440 1497 1506 tulit
1517 1448 1550 1505 et
1569 1442 1640 1508 hinc
1661 1442 1733 1508 inde
1747 1444 1960 1509 disseminavit
1973 1463 2065 1526 qnam
2078 1446 2239 1528 plurimos,
2261 1447 2348 1513 lama

604 1539 774 1623 percelebri
802 1546 971 1605 natusest
999 1559 1082 1606 anno
1112 1559 1204 1606 aerae
1226 1540 1423 1607 Christianae
1443 1540 1613 1605 MDXXIX
1640 1547 1730 1622 patre
1758 1541 1880 1607 loanne
1904 1543 2028 1625 Vultejo
2057 1546 2124 1626 ejus
2149 1546 2255 1628 oppidi
2276 1549 2346 1613 viro

605 1638 777 1706 Consulari.
820 1639 1008 1706 Adolescens
1037 1659 1108 1706 cum
1136 1659 1153 1705 e
1181 1640 1352 1705 domestica
1374 1646 1407 1704 et
1428 1640 1585 1705 umbratili
1612 1640 1832 1705 exercitatione
1860 1641 1892 1706 in
1916 1642 2166 1709 doctissimorum
2188 1645 2347 1713 hominurn

604 1757 716 1820 agmen
747 1748 780 1805 et
807 1739 967 1821 pulverem
996 1738 1218 1821 egrediendum
1236 1744 1383 1821 putasset
1410 1739 1482 1818 sibi,
1512 1739 1596 1803 venit
1616 1740 1876 1820 Argentoratum,
1902 1741 2055 1823 isthicque
2086 1743 2145 1809 loci
2174 1745 2347 1811 Martinam

604 1840 756 1906 Bucerum
778 1838 969 1919 Theologum
991 1844 1025 1904 et
1046 1839 1200 1903 loannem
1223 1838 1393 1904 Sturminm
1414 1837 1581 1903 Oratorem
1603 1844 1637 1903 et
1657 1837 1877 1920 Philosophum
1899 1841 2053 1922 insignem
2073 1842 2195 1909 audivit
2218 1847 2345 1927 utrique

605 1939 645 2003 ob
666 1939 782 2019 ingenii
802 1938 1031 2019 praestantiam
1053 1944 1087 2002 et
1099 1938 1239 2003 Graecae
1249 1938 1342 2018 Juxta
1357 1942 1454 2018 atque
1468 1936 1600 2001 Latinae
1620 1937 1744 2018 linguae
1758 1938 1911 2020 peritiam,
1934 1958 1997 2020 qua
2009 1934 2189 2007 'excellebat
2202 1945 2344 2028 maxime,

604 2037 811 2103 charissimus.
854 2037 976 2115 Hinc2)
997 2037 1135 2118 Lipsiam
1157 2046 1189 2101 et
1211 2036 1440 2117 Witteborgam
1461 2034 1623 2116 digressus
1644 2041 1694 2101 est
1714 2036 1764 2101 vel
1785 2054 1854 2101 eam
1876 2039 2051 2119 comprimis
2070 2039 2109 2105 ob
2133 2058 2288 2125 caussam,
2308 2051 2345 2110 nt

604 2154 753 2219 magnum
780 2136 868 2202 illum
902 2135 1080 2217 Philippum
1112 2136 1361 2202 Melanchtenem
1389 2140 1532 2200 cerneret
1565 2135 1694 2216 ejusque
1716 2136 1914 2202 institutione
1940 2137 2098 2204 frueretur
2126 2157 2163 2206 ac
2192 2142 2345 2210 doctrina.

603 2236 805 2304 Postmodum
824 2236 978 2303 concessit
998 2236 1149 2317 Tigurum
1171 2241 1266 2317 atque
1285 2234 1358 2300 inde
1378 2251 1448 2299 curn
1469 2233 1626 2298 Basileam
1647 2233 1803 2315 rediisset,
1825 2252 1944 2316 aarum,
1966 2254 2046 2317 quae
2068 2237 2230 2323 didicerat,
2254 2261 2346 2309 nsum

603 2334 728 2401 subiens
756 2336 872 2417 ingenii
900 2337 982 2401 vires
1010 2335 1170 2400 vertendis
1197 2334 1352 2400 nonnullis
1382 2332 1511 2398 Graecis
1537 2332 1744 2413 scriptoribus
1771 2335 1910 2400 Aeliano
1933 2336 2091 2419 videlicet,
2119 2340 2294 2409 Heraclide
2312 2350 2347 2409 et

602 2436 786 2519 Petraeam)
811 2435 1004 2518 periclitatus
1027 2440 1091 2511 est,
1121 2452 1190 2500 aum
1212 2434 1328 2499 aetatis
1347 2434 1482 2515 primam
1503 2437 1614 2513 ageret
1637 2449 1753 2497 anunm
1774 2432 1874 2498 xllx.
1916 2435 2073 2520 Dionysii
2094 2438 2347 2509 Halicamaaaer'

603 2535 787 2616 versionem,
808 2552 902 2616 qnam
923 2539 1104 2599 tentaverat
1123 2533 1216 2615 idem,
1236 2532 1382 2599 affectam
1400 2532 1536 2614 quidem,
1556 2530 1613 2595 sed
1634 2531 1717 2612 quod
1738 2523 1900 2613 Xylandro
1920 2534 2022 2601 isthac
2043 2537 2075 2601 in
2097 2555 2132 2603 re
2153 2547 2345 2621 praeventus

604 2640 696 2714 esset,
716 2651 779 2699 non
797 2634 967 2716 perfectam
988 2634 1123 2715 reliquit.
1166 2633 1259 2699 Hisce
1279 2632 1374 2697 rebus
1394 2631 1573 2697 constitutis
1587 2648 1643 2712 per
1657 2630 1862 2696 Brahantiam
1888 2639 1920 2698 et
1933 2634 2112 2702 Flandriam
2126 2636 2211 2705 facto
2232 2641 2346 2706 itinere

602 2732 762 2799 Lutetiam
783 2731 974 2798 Parisiorum
1001 2734 1160 2815 profectus
1182 2740 1247 2813 est,
1275 2732 1329 2797 nhi
1348 2749 1464 2795 annum
1486 2747 1547 2795 nou
1569 2729 1703 2811 amplius
1731 2748 1826 2795 uuum
1846 2739 2055 2800 commoratus
2082 2754 2141 2817 per
2160 2738 2345 2806 Heduorum

603 2834 764 2899 civitatem
785 2839 818 2898 ct
838 2832 997 2898 Celtarum
1025 2832 1102 2898 fines
1130 2832 1254 2899 rediens
1276 2830 1435 2897 Genavam
1465 2830 1507 2895 ad
1530 2827 1706 2908 Calvinum,
1733 2831 1822 2913 cnjus
1846 2831 1912 2912 Jam
1940 2839 2009 2898 tum
2039 2833 2123 2901 fama
2150 2839 2345 2922 nominisque

604 2933 769 2998 celebritas
791 2934 965 2998 universam
984 2931 1142 3014 Europam
1163 2938 1402 3014 peragraverat,
1434 2929 1596 2995 visendum
1625 2927 1758 2993 deflexit.
1802 2929 1878 2995 Inde
1906 2932 1938 2995 in
1964 2935 2098 3014 patriam
2120 2945 2283 3003 revocatus
2306 2958 2345 3003 ea

604 3032 796 3096 dexteritate
824 3037 857 3096 et
884 3049 1028 3095 successu
1059 3031 1197 3095 scholam
1226 3030 1366 3112 aperuit,
1404 3036 1441 3094 ut
1471 3028 1633 3110 Philippus
1662 3027 1825 3093 Cattorum
1850 3030 1994 3112 princeps
2027 3034 2086 3098 viri
2113 3034 2197 3100 fama
2224 3038 2344 3102 excitus

603 3130 736 3196 eundem
751 3129 956 3211 Marpurgnm
978 3128 1168 3194 evocandum
1185 3128 1337 3210 judicarit
1358 3146 1439 3192 anno
1462 3146 1482 3192 a
1505 3134 1581 3192 nato
1597 3124 1722 3192 Christo
1737 3125 1768 3191 S.
1784 3126 1916 3211 MDLX,
1936 3148 1998 3195 non
2019 3132 2119 3197 solum
2141 3139 2176 3199 ut
2190 3137 2345 3217 pueritiae

604 3230 636 3294 in
658 3229 885 3310 Paedagogaeo
906 3227 1122 3294 moderaretur
1140 3228 1271 3309 studiis,
1290 3226 1346 3292 sed
1367 3227 1506 3308 linguam
1526 3227 1620 3291 etiam
1639 3224 1787 3292 Sanctam
1808 3227 1948 3293 traderet
1969 3230 2106 3312 publice,
2129 3234 2211 3313 qnod
2233 3253 2271 3299 ea
2294 3253 2345 3300 se

603 3326 738 3393 dulitate
757 3333 790 3392 et
808 3328 964 3392 industria
986 3344 1085 3407 usqne
1106 3327 1250 3392 advitae
1270 3325 1363 3391 finem
1383 3326 1558 3407 praestitit,
1587 3330 1625 3390 ut
1647 3343 1709 3389 non
1730 3327 1830 3390 minus
1854 3327 2052 3409 assiduitate,
2073 3350 2166 3412 qnam
2188 3334 2345 3413 exquisita

603 3434 635 3491 et
656 3428 781 3491 minime
803 3426 925 3506 vulgari
955 3426 1116 3491 doctrinae
1139 3427 1228 3507 capia
1248 3431 1281 3490 et
1301 3425 1455 3489 varietata
1483 3423 1644 3488 hominnm
1666 3422 1706 3487 ad
1729 3441 1763 3489 se
1792 3432 1989 3492 converteret
2018 3430 2146 3514 animos,
2178 3432 2226 3495 vir
2248 3433 2344 3498 trium

602 3525 778 3605 linguarum
799 3525 1007 3607 peritissimus
1028 3531 1062 3589 et
1082 3524 1115 3589 in
1137 3525 1221 3589 omni
1241 3524 1440 3590 scientiarum
1461 3530 1556 3604 atque
1576 3523 1753 3589 studiorum
1772 3542 1887 3605 genere
1902 3528 2138 3610 versatissimus,
2157 3530 2344 3613 Theologus,

601 3622 819 3705 Philosophus,
841 3624 956 3689 Orator
978 3632 1010 3687 et
1023 3623 1122 3689 Poeta
1142 3640 1206 3687 non
1228 3641 1309 3687 nnus
1329 3639 1347 3686 e
1367 3621 1482 3703 multia,
1503 3627 1541 3687 ut
1559 3626 1729 3705 propterea
1750 3624 1845 3688 etiam
1866 3630 1900 3689 et
1924 3628 2081 3692 constanti
2094 3628 2344 3695 doctissimorum

600 3724 758 3787 hominum
777 3723 893 3805 judicio
923 3722 1125 3803 polyhistoris
1146 3738 1260 3785 nomen
1279 3721 1439 3783 meruerit.
1483 3720 1569 3784 Obiit
1596 3721 1677 3785 diem
1708 3740 1798 3786 snum
1819 3721 1981 3804 Marpurgi
2002 3725 2110 3791 ultima
2130 3728 2238 3792 Martii
2259 3746 2343 3792 anno

601 3820 781 3887 MDLXXV
804 3820 945 3900 sepultus
964 3820 1079 3886 ibidem
1101 3819 1142 3884 ad
1163 3818 1200 3883 D.
1224 3816 1387 3883 Michaelis
1409 3816 1527 3882 aedem.
1570 3818 1740 3899 Imaginem
1760 3827 1869 3885 autem
1891 3820 2006 3904 Vulteji
2019 3824 2165 3906 Pagauns
2189 3827 2247 3892 hoc
2268 3844 2343 3892 oon-

603 3920 762 3986 decoravit
783 3918 874 3983 rrrodo

1084 4014 1216 4084 Effigiem
1235 4014 1312 4069 June·
1326 4031 1420 4083 parra
1430 4013 1548 4082 firraiaae
1565 4016 1666 4071 tabella

1046 4145 1052 4154 .
1124 4099 1234 4167 Vataji,
1247 4101 1349 4169 pictor,
1368 4102 1429 4169 aaa
1448 4101 1498 4155 tabi
1509 4100 1622 4169 fractae
1639 4105 1698 4158 erit

1083 4189 1129 4241 Aa
1145 4201 1223 4255 quem
1241 4186 1290 4240 oie
1307 4184 1388 4255 diacre
1407 4185 1479 4240 Cares
1489 4185 1621 4255 finxisset
1639 4188 1757 4257 Apellea,

1121 4271 1145 4324 Τ
1143 4276 1281 4326 recturum
1302 4272 1377 4325 terrai
1393 4271 1481 4326 credas
1496 4272 1530 4326 ab
1548 4278 1607 4327 arte
1626 4272 1728 4329 deaaa?

1083 4356 1201 4421 Fallere,
1214 4358 1394 4426 picturaeque
1411 4373 1499 4412 comes
1514 4359 1570 4412 nisi
1586 4359 1652 4412 aioa
1671 4358 1819 4429 triumphet

1117 4442 1209 4497 Fama
1227 4444 1288 4507 oiri,
1303 4443 1417 4511 sneatm
1434 4442 1549 4498 deamo
1561 4443 1651 4512 flacit
1668 4460 1746 4513 opus.

1083 4526 1137 4582 sed
1152 4533 1230 4582 tanta
1248 4534 1286 4582 eat
1303 4529 1429 4597 manitas
1446 4544 1559 4595 moram,
1583 4531 1739 4585 commotio
1757 4530 1856 4597 ratem,

1121 4612 1157 4666 Ut
1174 4629 1257 4682 areper
1275 4620 1353 4668 aetra
1370 4630 1420 4669 sao
1436 4630 1529 4683 parea
1545 4615 1634 4670 nitore
1652 4617 1753 4671 traltat

1082 4698 1192 4754 Eeimii
1205 4700 1309 4768 faeiem
1328 4701 1376 4767 piei
1394 4700 1529 4769 conspicis
1547 4716 1610 4771 ergo
1624 4702 1750 4771 patrarat

1114 4783 1177 4851 Die,
1195 4785 1287 4839 valeat
1300 4786 1423 4854 patriae,
1439 4800 1509 4855 pree
1526 4786 1661 4854 cadara,
1678 4786 1767 4842 decue

599 4869 670 4950 lpse
691 4887 813 4952 quoque
834 4869 977 4953 Vidtejus
999 4868 1037 4934 de
1057 4886 1092 4935 se
1108 4869 1176 4951 ipsa
1197 4876 1231 4934 et
1252 4870 1511 4936 scholasticorum
1530 4871 1673 4938 laborum
1694 4890 1822 4939 suorum
1843 4874 1949 4943 fructu
1970 4876 2137 4957 gloriatur:

1088 4968 1205 5024 Vaahae
1221 4969 1274 5024 ella
1288 4972 1356 5025 mab
1373 4969 1520 5038 respondet
1531 4971 1660 5026 arrabda'a
1677 4972 1756 5027 Echo

1115 5055 1146 5108 Ε
1161 5055 1276 5125 templis,
1294 5058 1392 5126 regaie,
1410 5056 1521 5111 orbibus
1540 5072 1605 5127 epae
1620 5057 1728 5114 scholia.

703 5262 732 5330 1)
748 5261 827 5317 Hunc
844 5261 934 5317 omisit
952 5260 1134 5331 Tilemannus,
1153 5262 1223 5317 inter
1241 5262 1428 5333 philosophos,
1447 5269 1478 5317 ut
1495 5262 1611 5332 videtur,
1629 5265 1822 5335 recipiendum.
1852 5269 1951 5325 Exstat
1969 5271 2015 5325 Ja.
2034 5271 2177 5325 maara
2195 5277 2262 5326 orat.
2280 5271 2336 5326 inm

598 5346 840 5404 inohitnmlnsti
861 5347 971 5414 Vultaji
991 5345 1080 5415 Marp.
1100 5346 1330 5414 lalaetano
1349 5348 1424 5404 edita
1447 5350 1476 5403 in
1494 5349 1719 5407 Kuchenheclreri
1741 5354 1796 5408 vita
1818 5353 1909 5410 Herm.
1932 5354 2044 5426 anteji.
2080 5354 2140 5422 Qua
2158 5362 2186 5411 et
2204 5356 2337 5412 Dilichius

600 5448 665 5490 usus
681 5440 724 5488 est
744 5439 772 5487 et
789 5431 909 5488 Adamas
926 5433 954 5487 in
971 5433 1034 5487 vitis
1052 5432 1285 5502 philosophorum.

702 5521 732 5587 2)
748 5517 842 5586 Imago
858 5517 969 5587 Vulteji.

700 5603 729 5671 3)
745 5602 791 5658 Sic
808 5602 916 5671 scripsit
934 5602 988 5659 Dil.
