5409 7267
1090 1098 1333 1166 Theobaldns
1361 1098 1604 1184 Gerlacins¹)

1271 1221 1430 1278 iiiliieuouc
1594 1207 1603 1228 ’

576 1370 763 1437 Billicanum
779 1368 844 1452 iem
865 1384 970 1436 senem
993 1383 1063 1434 cnm
1083 1366 1218 1450 conjuge
1239 1365 1414 1448 Nordlinga
1440 1364 1481 1431 ad
1501 1382 1558 1431 nos
1579 1366 1771 1449 transmisit,
1792 1371 1949 1433 oratorem
1970 1364 2141 1447 insignem,
2168 1363 2223 1447 qni

479 1471 635 1539 inlocum
655 1468 838 1535 Hadamarii
859 1466 1007 1534 Rhetoris
1029 1466 1112 1532 eirca
1133 1483 1250 1533 annum
1269 1463 1469 1546 MDXLVII,
1492 1482 1590 1546 quum
1606 1464 1686 1547 iuris
1707 1464 1824 1548 publici
1845 1470 1879 1533 et
1900 1463 2016 1547 privati
2036 1462 2117 1529 bene
2137 1467 2225 1529 esset

479 1572 617 1656 peritus,
645 1568 833 1636 aNemario
862 1568 895 1632 in
925 1572 1061 1648 unoque
1091 1566 1162 1649 jnre
1189 1564 1332 1630 lauream
1367 1564 1502 1647 accepit,
1537 1566 1742 1648 proximoque
1768 1571 1844 1648 post
1868 1582 1952 1631 anno
1981 1580 2164 1648 supremum
2191 1564 2224 1629 iu

480 1670 598 1753 chub.
617 1668 803 1735 Academica
830 1672 865 1733 et
893 1684 976 1732 anno
996 1663 1163 1731 MDXLIX
1188 1662 1308 1730 Decani
1335 1680 1458 1730 munus.
1507 1662 1587 1730 Hinc
1613 1682 1696 1731 anno
1721 1664 1792 1746 DL,
1821 1681 1919 1748 quum
1947 1662 2114 1746 Rodmgns
2141 1663 2222 1729 scito

479 1770 604 1854 publico
634 1768 674 1835 ad
704 1767 904 1834 Rhetoricam
940 1765 1114 1832 docendam
1145 1782 1180 1829 se
1211 1762 1365 1844 dedisset,
1404 1760 1555 1829 Biliiouno
1590 1764 1847 1847 explicandarum
1875 1762 2078 1830 historiarum
2112 1768 2223 1845 partes

479 1870 603 1937 deletes
631 1873 716 1935 sunt.
762 1867 888 1950 Scripta
917 1865 1016 1949 ipsius
1044 1864 1194 1947 leguntur
1212 1862 1375 1947 Apologia
1402 1862 1447 1929 ud
1467 1860 1627 1931 Joonnem
1647 1864 1828 1949 Stoplemm
1848 1862 2119 1957 Brarcssiceeseee
2138 1861 2222 1930 cm

480 1970 660 2038 sederim:
681 1967 828 2035 Libellus
842 1967 882 2033 de
897 1965 1004 2034 Goercu
1015 1964 1203 2033 Dominicis:
1225 1962 1373 2046 Bpitene
1383 1960 1585 2030 Dialecticse
1598 1970 1629 2031 et
1640 1966 1676 2029 in
1691 1964 1791 2031 libros
1807 1962 1997 2031 Aristotelis
2008 1960 2223 2047 Pbpsiccram

480 2078 510 2139 et
530 2071 753 2137 Meteororom.
795 2068 832 2133 In
853 2066 1072 2133 Professomm
1093 2062 1232 2131 Elencho
1255 2060 1316 2127 hoc
1337 2061 1437 2142 elogio
1456 2067 1586 2129 ornatur
1606 2081 1627 2129 a
1645 2063 1786 2147 Nigidio:

962 2163 1125 2221 Palladiam
1141 2162 1237 2219 doerit
1252 2160 1434 2231 Bsiicomw)
1450 2162 1498 2217 ille
1510 2161 1664 2232 juoesm

996 2248 1183 2319 Fmondoqre
1197 2262 1281 2305 seres
1291 2246 1440 2317 praelim
1456 2263 1503 2303 ore
1516 2248 1586 2317 fuit

961 2338 1016 2395 Ille
1034 2337 1231 2407 Professoneor
1246 2350 1304 2392 nors
1319 2332 1416 2405 ι’ωἲπιο
1427 2334 1512 2404 somn
1525 2340 1663 2406 superstes

998 2423 1126 2479 Fortuna
1143 2421 1243 2493 dipem
1254 2422 1436 2493 prosperiore
1448 2421 1518 2491 fait

961 2510 1046 2567 Hunc
1062 2507 1222 2580 Nordlirspo
1239 2505 1317 2563 dedit
1334 2512 1415 2563 coste
1430 2523 1493 2563 esre
1509 2506 1623 2577 conjuge
1639 2505 1718 2561 nobb

996 2597 1121 2653 eretoro
1136 2600 1337 2667 praestantem,
1353 2593 1531 2665 ccmeiiispae
1545 2608 1664 2665 prem.

963 2680 1070 2738 Musti
1086 2681 1222 2751 explicuit
1237 2679 1315 2735 docte
1332 2685 1361 2735 et
1371 2679 1495 2749 feliciter
1514 2679 1610 2734 cubus

999 2768 1156 2833 Historias,
1172 2766 1243 2823 cleri
1259 2766 1366 2838 scripte
1382 2772 1499 2821 ceneto
1514 2767 1611 2835 eiri¹).

963 2855 1033 2912 nice
1052 2856 1135 2910 etiosa
1152 2851 1273 2923 duplicia
1290 2853 1418 2923 ccpewoit
1431 2857 1584 2923 properato
1594 2850 1672 2920 §aas

998 2943 1034 2998 In
1052 2941 1150 3010 paese
1167 2954 1267 2996 masso
1285 2939 1406 2995 Roscius
1421 2939 1469 2993 iile
1483 2938 1552 3007 fuit

968 3026 1086 3083 rander
1101 3031 1258 3096 correptam
1274 3025 1378 3080 morbis
1394 3030 1484 3081 ortuis
1499 3023 1581 3080 seseli

1001 3112 1055 3168 cio
1072 3112 1162 3167 somni
1178 3111 1267 3179 speeie
1283 3125 1358 3165 mors
1374 3111 1492 3181 inopina
1509 3110 1574 3165 tulit

485 3227 567 3274 enno
588 3204 723 3272 MDLIV
745 3201 869 3270 Sextilis
891 3199 1002 3283 IIX.⁴)
1031 3198 1168 3280 corporis
1190 3194 1333 3263 mortalis
1356 3197 1475 3262 exuviis
1495 3200 1599 3262 terrae
1620 3196 1653 3261 in
1673 3193 1711 3260 D.
1733 3194 1936 3266 Elisabethae
1958 3198 2038 3267 aede
2056 3200 2225 3269 mmduts.

1182 3474 1370 3542 Antonius
1395 3475 1522 3558 Niger.

580 3637 683 3721 lirrjus
703 3633 896 3700 Vratislavia
917 3630 1098 3699 Silesiorum
1118 3631 1242 3698 oriundi
1261 3632 1437 3715 ingenium,
1463 3649 1561 3715 quum
1581 3631 1750 3699 Erfurdiac
1775 3650 1903 3714 opernm
1930 3638 2077 3715 name,
2110 3636 2226 3703 wrm

484 3737 658 3804 liberalium
679 3733 801 3815 studiis,
823 3750 888 3798 non
910 3731 1005 3797 aliter
1024 3736 1122 3813 atque
1141 3730 1273 3797 Phidiae
1293 3732 1417 3813 signnm
1437 3731 1530 3797 simul
1549 3737 1711 3814 aspectum
1731 3737 1766 3797 et
1785 3731 1953 3814 probatum
1973 3737 2024 3799 est
2043 3732 2227 3803 clarissimis

485 3838 562 3905 viris
582 3834 703 3916 cordo,
722 3831 872 3914 Eobano,
892 3830 1105 3913 Megabaccho
1124 3836 1157 3896 ct
1176 3830 1365 3914 Nordeco⁸).
1406 3830 1543 3913 Ideoque
1564 3831 1626 3900 illis
1648 3832 1814 3913 praecipue
1833 3830 2015 3898 authoribus
2036 3850 2073 3899 ae
2092 3835 2229 3903 oenum

484 3933 747 4018 Msrpnrgum‘),
793 3931 847 3998 nbi
873 3947 981 3997 rerum
1009 3929 1200 3996 naturalium
1231 3948 1360 3996 caussas
1387 3930 1555 3997 edisseruit
1583 3930 1708 4011 publice
1734 3931 1872 4014 primus,
1916 3930 2105 4015 &sonsque
2129 3934 2228 4002 annul

485 4036 627 4103 eruditus
649 4032 799 4100 omnimo
819 4030 948 4097 easdem
969 4029 1077 4096 docuit
1096 4047 1191 4111 porro
1210 4028 1330 4096 multae
1351 4029 1527 4097 industriae
1545 4031 1713 4113 magnique
1733 4031 1850 4097 laboris
1864 4030 1967 4114 homo,
1987 4032 2043 4114 qni
2056 4038 2228 4115 propterca

485 4137 613 4218 elegans
640 4149 764 4215 quoque
790 4148 917 4197 carmen
943 4146 1080 4213 pangere
1110 4129 1273 4196 didicisset
1308 4134 1342 4196 et
1368 4131 1497 4214 mejoris
1528 4131 1648 4213 gloriae
1675 4130 1849 4212 cupiditate
1874 4130 1917 4197 ad
1943 4135 2047 4197 artem
2071 4132 2227 4200 medicam

486 4235 666 4302 obsessus
686 4232 719 4297 in
738 4231 798 4297 hae
813 4230 981 4313 praecipue
998 4229 1162 4313 disciplina
1181 4231 1350 4312 separatim
1370 4229 1534 4297 elaborare
1553 4236 1691 4313 cuperet
1734 4230 1943 4310 Quamobrem
1962 4236 2000 4298 ut
2019 4249 2125 4298 rernm
2146 4232 2228 4300 hane

486 4336 528 4401 ad
548 4338 650 4400 artem
667 4331 876 4414 spectantium
898 4346 990 4397 usum
1011 4329 1175 4411 eoNigeret
1199 4329 1355 4412 aliquem,
1385 4348 1468 4396 anno
1488 4330 1688 4396 MDXXXVI
1708 4329 1891 4413 Patavium,
1919 4329 2005 4414 qnod
2022 4330 2167 4414 inprimis
2187 4332 2227 4399 ob

486 4433 667 4518 Apollineas
687 4429 783 4496 hasce
804 4434 893 4496 artes
915 4428 1039 4496 celebre
1062 4447 1185 4512 semper
1204 4427 1281 4513 init,
1309 4429 1493 4512 concedere,
1521 4430 1649 4512 illicque
1675 4429 1899 4495 mmdudone
1927 4446 2042 4497 amare
2068 4431 2228 4514 ingenium

485 4553 549 4600 non
568 4538 619 4599 est
638 4530 774 4612 veritus,
804 4530 864 4596 etsi
881 4528 1086 4610 provectioris
1104 4528 1169 4610 jam
1192 4532 1276 4594 esset
1296 4530 1412 4595 aetatis
1433 4534 1466 4595 et
1486 4529 1619 4596 docendi
1638 4546 1751 4595 munus
1769 4529 1836 4611 jam
1858 4533 1934 4595 ante
1953 4529 1988 4595 in
2006 4528 2228 4614 llarpurgensi

487 4631 654 4699 Academia
671 4647 740 4695 enm
761 4628 854 4695 laude
875 4628 1088 4695 sustinuisset.
1129 4627 1196 4695 Nec
1218 4633 1350 4694 eventus
1371 4628 1456 4695 hisce
1476 4628 1612 4695 consiliis
1633 4635 1667 4694 et
1687 4627 1800 4693 studiis
1824 4627 1933 4695 defuit
1974 4628 2056 4695 Nam
2083 4629 2118 4697 id
2144 4630 2228 4714 qnod

587 4850 808 4919 immisericors
828 4848 882 4904 Dii.
905 4848 972 4905 dicit
1001 4849 1030 4905 in
1053 4848 1199 4905 Rectorem
1227 4850 1362 4921 catalogo,
1394 4865 1450 4919 qno
1475 4865 1586 4906 munere
1615 4856 1728 4905 ornatus
1756 4864 1780 4904 a
1806 4849 1874 4904 1548
1904 4848 1965 4918 ipae
1991 4851 2062 4920 jnris
2087 4852 2228 4922 ιῑτίιιηιιο

487 4937 681 5008 professorem,
715 4935 821 4990 dieenffi
844 4935 1001 5004 magistrum
1026 4935 1098 4991 Albo
1121 4950 1152 4992 se
1177 4935 1325 5004 inscripsit
1361 4936 1450 5006 Saepe
1467 4936 1527 4992 colo
1555 4937 1645 5005 Pfflo
1671 4936 1780 4990 nomine
1797 4933 1950 4990 Billicenns
1966 4936 2137 5007 appellatum,
2160 4939 2230 4996 sient

488 5021 677 5078 Hadamerius.
716 5021 800 5076 Plura
823 5020 857 5077 de
881 5021 934 5077 hoe
958 5022 1109 5077 virenter
1131 5021 1270 5078 docemus
1292 5022 1465 5091 evangelicae
1489 5027 1685 5091 propagatores
1709 5020 1783 5076 hand
1807 5020 1938 5077 mediocri
1960 5021 2135 5095 reperinntrr
2155 5024 2230 5093 apud

488 5108 654 5165 Striedernm
666 5108 715 5176 IV,
732 5125 759 5177 p.
773 5110 824 5163 369
843 5106 999 5178 eosdem,
1018 5124 1045 5177 p.
1057 5111 1107 5165 383
1124 5125 1191 5180 sqq,
1206 5108 1467 5179 qniSchoepparlini
1481 5108 1683 5179 prolusionibnr
1694 5107 1821 5164 scholast
1841 5105 1991 5164 duabusde
2009 5110 2065 5164 rita
2075 5108 2231 5166 Theobsldi

488 5194 612 5251 Eilioani.
627 5193 720 5249 Nordl.
739 5194 811 5249 1767.
830 5197 872 5249 68.
892 5199 916 5249 4.
935 5208 1001 5249 usus
1015 5200 1064 5250 est

586 5280 616 5349 2)
633 5278 758 5349 Nigidius
775 5281 920 5336 Bilicunos
937 5279 1034 5337 etoile
1108 5279 1138 5346 3)
1155 5278 1245 5335 Locus
1259 5279 1394 5349 imaginis

587 5366 618 5434 4)
635 5366 761 5435 Nigidius
777 5382 837 5423 enm
855 5366 956 5422 obiisse
970 5366 1036 5421 dicit
1052 5380 1124 5421 nono
1142 5364 1259 5440 Augusti
1273 5365 1326 5421 die.

588 5453 619 5522 ὁ)
637 5452 756 5508 ioannes
774 5452 916 5509 Nordeeus
933 5453 1063 5522 Philippo
1081 5450 1202 5520 Principi
1220 5467 1237 5506 a
1253 5450 1366 5507 secretis
1383 5456 1411 5507 at
1427 5450 1549 5507 consiliis
1564 5450 1623 5507 init

590 5541 620 5608 b)
638 5537 756 5594 Pistorio
773 5544 883 5595 anctore
901 5540 965 5595 cire.
984 5555 1009 5594 a
1030 5541 1112 5604 15323
1130 5537 1203 5593 Albo
1221 5538 1366 5607 inscriptus
1385 5545 1426 5593 est
1443 5552 1467 5591 a
1488 5538 1563 5593 1583.
